2405 4009
188 276 232 322 γ’)
759 278 855 311 ovio
886 276 934 303 ει
966 270 1222 302 resi-mosiis
1251 274 1360 301 sous
1389 267 1645 299 ooniacum

275 372 426 424 Neque
460 369 678 423 llispanis
704 368 817 421 ipsis
858 366 934 407 ille
971 367 1179 419 ingratus
1211 376 1309 404 esse
1343 361 1553 407 debebat,
1590 361 1626 400 si
1660 360 1765 414 quis
1789 359 1911 401 banc
1943 356 2130 401 laudem
2160 354 2226 400 eis

187 449 424 489 tribueret.
466 451 512 486 ut
558 446 699 486 Roma
742 444 797 484 ab
839 442 1027 483 illorum
1069 440 1277 495 patribus
1317 438 1503 479 condita
1546 441 1679 478 esset.
1726 437 1839 477 Nam
1883 435 2000 477 Vrbs
2042 435 2227 477 colonia

187 525 381 577 hispana
418 523 568 562 tiebat.
606 521 759 574 Neque
795 521 885 559 iam
920 522 1100 559 tantuin
1136 528 1297 568 regum
1331 514 1466 555 ,XXlY
1501 514 1640 554 series
1673 512 1980 566 hispanorum
2019 526 2042 553 a
2081 511 2227 553 Tubal

186 614 330 654 usque
354 599 407 640 ad
434 601 686 649 (largorem
712 594 988 637 Mellieolam
1014 595 1069 634 ab
1096 594 1249 634 Annio
1271 595 1447 645 reperta
1469 591 1753 631 immensum
1779 589 2000 642 temporis
2023 589 2227 643 spatium

186 676 422 731 implebat.
443 689 604 715 nerum
625 689 646 714 a
669 675 802 714 tertio
821 672 1003 712 decimo
1028 683 1133 722 rege
1159 669 1409 722 Hispaniae
1431 680 1678 707 romanum
1705 666 1955 720 imperium
1982 665 2227 707 fundatum

189 754 457 807 llispaniain
482 751 616 791 laude
649 750 849 790 maxima
875 745 1141 788 cumulabat
1167 750 1207 786 et
1235 749 1428 792 matrem
1455 743 1589 784 Vrbis
1614 743 1916 797 primumque
1939 745 2077 795 caput
2101 740 2228 783 orbis

185 828 508 870 constituebat.
548 828 592 867 lii
620 828 744 867 ciues
768 825 846 879 qui
882 823 1156 878 llispaniam
1194 823 1238 862 in
1276 825 1512 875 posterum
1549 821 1791 868 maiorem,
1835 823 1884 859 ut
1916 817 2051 871 Angli
2089 817 2228 859 hodie

189 928 203 941 ι·
228 910 404 955 greater
445 904 679 945 britannia
706 920 742 943 ν.
785 902 945 941 animo
988 898 1331 953 proponebant,
1370 897 1510 938 etiam
1560 896 1849 950 temporibus
1885 894 2228 949 antiquissimis

186 984 409 1022 maiorem
436 981 574 1021 fnisse
600 992 708 1019 sane
732 977 1012 1029 gaudebant.
1049 980 1098 1016 ut
1128 976 1386 1016 Germanos
1419 973 1693 1015 Germaniae
1718 973 1938 1026 antiquae
1964 972 2092 1013 iuuat
2114 971 2229 1013 fines

185 1058 301 1099 ultra
330 1058 519 1098 modum
547 1055 809 1097 extendere.

271 1135 506 1186 Quantum
534 1135 788 1173 inereuerat
821 1131 1156 1171 historicorum
1187 1129 1397 1169 doctrina
1432 1141 1485 1169 ex
1516 1140 1570 1168 eo
1611 1131 1817 1180 tempore
1849 1138 1943 1180 quo
1976 1124 2229 1167 ltoderieus

185 1212 429 1254 toletanus.
457 1215 504 1252 ut
541 1210 652 1250 dieit
681 1209 912 1249 lohannes
936 1206 1253 1248 Gerundensis
1287 1223 1303 1242 «
1328 1205 1409 1246 etsi
1437 1205 1493 1245 ab
1517 1203 1720 1244 aduentu
1755 1202 1963 1244 llerculis
1995 1202 2041 1242 in
2067 1201 2230 1256 Hispa-

184 1291 310 1330 niam
350 1289 598 1329 historiam
636 1299 825 1326 exorsus
865 1285 922 1324 sit
963 1283 1069 1324 inde
1115 1287 1269 1323 tamen
1310 1287 1530 1336 tanquam
1570 1293 1709 1334 snper
1748 1293 1922 1334 prunas
1966 1278 2224 1333 gradiens»

184 1367 337 1407 statim
381 1365 435 1405 ad
475 1364 650 1405 Gothos
695 1361 911 1403 ueniebat
954 1364 996 1401 et
1038 1360 1094 1399 ab
1141 1360 1196 1399 iis
1242 1359 1489 1412 Hispaniae
1534 1357 1779 1397 historiam
1824 1369 1982 1397 reuera
2025 1355 2230 1409 incipere

184 1443 417 1484 faciebat=1
445 1443 517 1482 Sic
541 1445 581 1482 et
609 1441 777 1480 Romae
796 1443 838 1480 et
860 1437 1107 1491 llispaniae
1132 1435 1261 1476 luero
1281 1449 1331 1476 ae
1357 1434 1478 1475 laudi
1505 1438 1602 1475 erat
1620 1433 1744 1488 quod
1761 1433 1958 1474 Atlantis
1977 1431 2230 1474 comitibus

185 1520 278 1560 illis
305 1518 529 1559 Romulus
554 1517 751 1558 eederet.

269 1597 381 1646 Quis
405 1600 558 1635 autem
586 1593 714 1633 illam
741 1590 925 1632 laudem
952 1591 1126 1644 patriae
1151 1602 1258 1630 suae
1283 1588 1521 1638 obtulerit,
1549 1587 1859 1628 Florianusne
1889 1600 1946 1628 an
1977 1585 2227 1638 Iohannes,

183 1675 259 1714 uix
295 1673 495 1713 dubitari
535 1674 698 1724 potest.
736 1669 905 1723 Ecquis
940 1667 1199 1707 Iohannem
1235 1665 1290 1707 de
1324 1664 1507 1706 Atlante
1548 1664 1660 1706 ltalo
1700 1664 1909 1705 locutum
1942 1676 2041 1705 esse
2073 1664 2230 1718 putet?

182 1753 328 1799 Quem
364 1760 501 1789 nemo
540 1750 646 1787 ante
676 1746 884 1786 Annium
921 1757 1078 1797 regem
1118 1743 1378 1797 Hispanum
1411 1742 1518 1783 feeit
1550 1754 1633 1782 nec
1663 1741 2006 1782 Gerundensis2
2037 1740 2230 1795 quidem

183 1830 335 1866 mente
386 1825 617 1877 concepit.
672 1824 749 1877 qui
810 1822 924 1863 adeo
977 1820 1129 1862 doluit
1183 1819 1369 1860 nullum
1423 1831 1579 1873 regem
1633 1833 1655 1858 a
1710 1818 1922 1873 Geryone
1974 1830 2122 1872 usque
2173 1816 2229 1858 ad

184 1902 377 1943 ‚thidem
419 1901 709 1941 innotuisse:
741 1902 928 1949 «Quare
965 1902 1119 1939 autem
1159 1896 1235 1938 alii
1277 1910 1407 1949 reges
1445 1896 1523 1950 qui
1568 1895 1755 1936 suerunt
1794 1895 1914 1936 inter
1951 1894 2151 1936 Abidem
2188 1897 2232 1936 et

181 1982 442 2032 tiemonem
470 1991 562 2018 non
603 1977 926 2026 nominentur,
951 1988 1003 2016 ex
1031 1974 1118 2015 hoc
1144 1972 1350 2014 creditur
1382 1973 1492 2027 quia
1528 1971 1650 2012 nihil
1685 1971 1990 2012 memorabile
2023 1970 2232 2013 fecerunt

181 2057 587 2110 (Paralipomenon
632 2053 880 2107 Hispaniae
914 2051 996 2093 lib.
1032 2050 1065 2102 Ι,
1108 2065 1152 2105 p.
1191 2052 1257 2101 15,
1290 2063 1428 2091 uersu
1465 2049 1514 2095 2-'1
1554 2050 1599 2089 in
1634 2049 1842 2090 editione
1876 2047 2058 2090 ltoberti
2095 2046 2226 2105 Beli).

185 2134 352 2188 Nempe
375 2132 526 2173 doluit
548 2135 590 2172 et
615 2131 712 2184 ipse
739 2129 981 2170 Florianus
1018 2146 1034 2164 «
1060 2132 1237 2182 partem
1271 2128 1370 2168 eius
1403 2126 1647 2175 (historiae
1680 2125 1901 2167 uidelicet
1928 2138 2070 2180 quam
2100 2125 2231 2167 insti-

182 2215 327 2252 tuerat
351 2210 570 2257 seribere)
588 2221 705 2262 quae
729 2222 750 2247 a
775 2205 949 2247 'l'ubale
970 2206 1122 2259 primo
1149 2204 1398 2258 Hispaniae
1425 2202 1582 2244 accola
1608 2203 1798 2244 initium
1822 2202 1976 2254 habet,
2003 2201 2059 2244 ad
2083 2215 2231 2257 usque

182 2286 643 2339 Carthaginiensium
669 2285 713 2324 in
742 2283 963 2337 Hispania
994 2279 1540 2332 dominium,annalium
1565 2280 1761 2334 penuria
1787 2292 2002 2320 mancam
2026 2292 2154 2320 esse:
2181 2279 2229 2320 in

181 2378 269 2418 qua
302 2364 479 2404 etiamsi
517 2363 632 2403 ratio
663 2365 929 2414 temporum
966 2362 1163 2409 constet,
1190 2357 1545 2412 quamplurium
1568 2370 1802 2398 annorum
1822 2356 1950 2398 deest
1972 2356 2185 2407 historia,
2208 2370 2226 2394 »

181 2446 229 2481 ut
253 2442 314 2481 ait
343 2441 387 2481 in
412 2439 608 2494 epistula
631 2438 685 2479 ad
713 2438 962 2490 Yergaram
995 2435 1051 2476 ab
1085 2435 1299 2489 Adolpho
1334 2433 1514 2475 Bonilta
1550 2448 1575 2487 y
1611 2434 1700 2474 San
1732 2432 1900 2475 Martin
1935 2446 2086 2487 nuper
2106 2432 2232 2475 edita

182 2517 446 2569 (Clarorum
483 2516 848 2569 llispaniensum
880 2513 1104 2567 epistolae
1135 2511 1402 2553 ineditaein
1438 2511 1627 2552 «Itevue
1648 2510 1988 2564 hispanique»,
2027 2515 2057 2552 t.
2087 2509 2227 2564 vlu);

185 2614 200 2628 υ
227 2608 308 2636 nee
337 2595 380 2634 in
409 2594 480 2634 his
505 2592 635 2647 plura
670 2595 793 2634 sunt,
816 2590 960 2641 addit,
988 2588 1130 2644 quam
1154 2602 1271 2644 quae
1298 2590 1435 2629 frater
1459 2587 1694 2629 Iohannes
1715 2587 2018 2629 Viterbiensis
2041 2586 2232 2641 collegit

181 2677 256 2713 aut
281 2675 400 2712 certe
424 2669 620 2724 paucula
645 2669 802 2709 nescio
827 2680 943 2721 quae
971 2667 1077 2720 alia,
1099 2679 1216 2721 quae
1241 2679 1325 2707 nos
1350 2664 1539 2706 aliunde
1563 2665 1844 2705 traximus».
1870 2664 1999 2706 Vnde
2022 2664 2226 2717 traxerit,

182 2762 273 2789 non
299 2746 514 2789 declarat.
539 2745 600 2786 Ex
625 2744 807 2786 luliano
848 2743 1056 2784 Diacono
1089 2747 1130 2784 et
1171 2742 1380 2783 Iohanne
1419 2741 1597 2795 Aegidii
1640 2741 1831 2782 traxisse
1863 2741 1956 2782 iam
1988 2741 2227 2783 nouimus,

184 2825 311 2866 Vnde
352 2838 462 2865 nero
499 2836 636 2864 suum
692 2821 926 2862 lulianum
969 2820 1230 2860 Diaconum
1273 2823 1316 2860 et
1354 2818 1433 2859 illa
1478 2831 1596 2873 quae
1634 2817 1836 2860 Iohanni
1872 2818 2054 2872 Aegidii
2088 2831 2230 2873 opera

183 2901 391 2943 attribuit
425 2900 627 2949 traxerit,
663 2898 815 2939 adhue
850 2910 943 2938 non
979 2896 1154 2950 liquet:
1197 2908 1467 2950 quanquam
1502 2907 1666 2936 uereor
1699 2908 1756 2936 ne
1794 2894 1850 2936 de
1883 2907 1967 2936 suo
2004 2895 2231 2949 producat

184 2979 227 3019 id
260 2977 383 3032 quod
416 2976 507 3017 illis
548 2976 723 3016 tribuit.

274 3054 511 3095 Dubitabit
536 3052 724 3106 quidem
750 3050 918 3105 aliquis
946 3049 1214 3090 Florianum
1239 3047 1514 3089 insimulare
1549 3047 1807 3089 mendacii3
1832 3048 1867 3089 si
1894 3047 1940 3089 id
1964 3047 2229 3091 considera—

184 3132 301 3173 uerit
339 3130 461 3184 quod
501 3130 545 3169 in
588 3142 670 3169 suo
711 3126 974 3179 ‹ctlatzilogo
1012 3125 1067 3166 de
1107 3125 1144 3165 la
1190 3126 1237 3165 a.
1277 3124 1569 3166 Biblioteea»
1608 3123 1856 3166 Menendez
1897 3124 2026 3166 Pidal
2057 3124 2113 3166 de
2149 3125 2230 3168 illa

187 3227 203 3241 υ
225 3209 412 3249 Tercera
439 3207 636 3246 (Ironica
666 3203 851 3259 general
880 3221 896 3241 υ
924 3203 981 3244 ab
1014 3215 1067 3244 eo
1097 3202 1217 3243 edita
1251 3201 1392 3242 dicit:
1425 3218 1442 3237 «
1468 3200 1524 3242 La
1552 3199 1737 3242 edicion
1766 3200 1821 3242 de
1850 3201 2041 3243 Zamora
2068 3202 2230 3257 (quarn

182 3285 362 3326 curauit
401 3283 624 3336 Ocampo)
667 3295 713 3323 es
758 3280 1168 3322 verdaderamente
1213 3278 1452 3320 esmerada
1490 3291 1626 3319 como
1678 3277 2021 3332 reproducci6n
2063 3278 2120 3321 de
2163 3292 2229 3320 un

186 3360 472 3402 manuscrito
507 3373 530 3411 y
575 3371 633 3399 no
666 3371 739 3399 era
775 3355 954 3411 posible
992 3369 1081 3410 que
1119 3355 1326 3409 Oeampo
1361 3355 1532 3397 hiciese
1570 3354 1667 3396 mas
1694 3370 1715 3395 »
1746 3353 1813 3411 (p.
1841 3355 1918 3407 82;
1951 3354 2060 3397 uide
2089 3355 2229 3397 etiam

270 3554 294 3572 ι.
322 3543 405 3572 Vide
422 3541 610 3581 prologum
629 3540 790 3572 Iohannis
813 3540 1050 3571 Gerundensis
1065 3539 1107 3569 de
1124 3538 1416 3577 historiographis
1439 3537 1622 3577 Hispaniae
1647 3537 1682 3567 in
1704 3537 1918 3568 editionibus
1941 3535 2078 3568 Roberti
2100 3537 2171 3568 Beli
2195 3538 2231 3567 et

187 3592 342 3621 Andreae
354 3591 482 3619 Schott.

272 3649 298 3667 η.
325 3638 343 3674 -3
369 3636 633 3666 Mslnffixx‘lv.

265 3684 294 3714 3.
324 3697 337 3708 υ
357 3685 520 3722 Ocampo.
540 3692 659 3713 menos
675 3683 864 3713 candor-oso
881 3683 921 3712 de
939 3683 971 3712 to
988 3691 1056 3720 que
1073 3690 1193 3720 parecc
1213 3692 1225 3710 n
1242 3681 1375 3720 (Godoy
1394 3690 1412 3720 y
1428 3680 1619 3718 Alcantara,
1637 3690 1694 3720 op.
1711 3681 1768 3712 cit.
1787 3690 1821 3720 p.
1845 3683 1925 3721 ¹0²)-
