<?xml version="1.0" encoding="UTF-8"?>
<!DOCTYPE html PUBLIC "-//W3C//DTD XHTML 1.0 Transitional//EN"
    "http://www.w3.org/TR/xhtml1/DTD/xhtml1-transitional.dtd">
<html xmlns="http://www.w3.org/1999/xhtml" xml:lang="en" lang="en">
 <head>
  <title>
</title>
<meta http-equiv="Content-Type" content="text/html;charset=utf-8" />
  <meta name='ocr-system' content='tesseract 3.04.00' />
  <meta name='ocr-capabilities' content='ocr_page ocr_carea ocr_par ocr_line ocrx_word'/>
</head>
<body>
  <div class='ocr_page' id='page_1' title='image "./deoperibushistor00cirouoft_0083.png"; bbox 0 0 2405 4009; ppageno 0'>
   <div class='ocr_carea' id='block_1_1' title="bbox 894 239 2216 288">
    <p class='ocr_par' dir='ltr' id='par_1_1' title="bbox 894 239 2216 288">
     <span class='ocr_line' id='line_1_1' title="bbox 894 239 2216 288; baseline 0.005 -20"><span class='ocrx_word' id='word_1_1' title='bbox 894 239 1005 269; x_wconf 67' lang='lat' dir='ltr'>ROMA</span> <span class='ocrx_word' id='word_1_2' title='bbox 1036 240 1086 269; x_wconf 72' lang='lat' dir='ltr'>AB</span> <span class='ocrx_word' id='word_1_3' title='bbox 1116 239 1301 269; x_wconf 70' lang='lat' dir='ltr'>fflSPAle</span> <span class='ocrx_word' id='word_1_4' title='bbox 1331 239 1517 270; x_wconf 69' lang='lat' dir='ltr'>FVNDATA</span> <span class='ocrx_word' id='word_1_5' title='bbox 2174 245 2216 288; x_wconf 77' lang='lat'>71</span> 
     </span>
    </p>
   </div>
   <div class='ocr_carea' id='block_1_2' title="bbox 173 328 2228 1139">
    <p class='ocr_par' dir='ltr' id='par_1_2' title="bbox 173 328 2228 1139">
     <span class='ocr_line' id='line_1_2' title="bbox 176 328 2222 386; baseline 0.003 -16"><span class='ocrx_word' id='word_1_6' title='bbox 176 328 402 383; x_wconf 91' lang='lat' dir='ltr'>hispanas</span> <span class='ocrx_word' id='word_1_7' title='bbox 434 328 681 372; x_wconf 89' lang='lat' dir='ltr'>scribere¹.</span> <span class='ocrx_word' id='word_1_8' title='bbox 716 329 836 384; x_wconf 88' lang='lat' dir='ltr'>Ergo</span> <span class='ocrx_word' id='word_1_9' title='bbox 875 343 1002 372; x_wconf 89' lang='lat' dir='ltr'>anno</span> <span class='ocrx_word' id='word_1_10' title='bbox 1034 330 1289 372; x_wconf 82' lang='lat' dir='ltr'>MDXXVII</span> <span class='ocrx_word' id='word_1_11' title='bbox 1323 332 1526 374; x_wconf 90' lang='lat' dir='ltr'>scribere</span> <span class='ocrx_word' id='word_1_12' title='bbox 1560 334 1843 386; x_wconf 82' lang='lat' dir='ltr'>instituerat,</span> <span class='ocrx_word' id='word_1_13' title='bbox 1878 335 2040 377; x_wconf 83' lang='lat' dir='ltr'>XXVII</span> <span class='ocrx_word' id='word_1_14' title='bbox 2073 350 2222 378; x_wconf 88' lang='lat' dir='ltr'>annos</span> 
     </span>
     <span class='ocr_line' id='line_1_3' title="bbox 175 407 2223 465; baseline 0.004 -20"><span class='ocrx_word' id='word_1_15' title='bbox 175 408 327 455; x_wconf 83' lang='lat' dir='ltr'>natus,</span> <span class='ocrx_word' id='word_1_16' title='bbox 375 418 428 447; x_wconf 88' lang='lat' dir='ltr'>ea</span> <span class='ocrx_word' id='word_1_17' title='bbox 468 410 614 447; x_wconf 89' lang='lat' dir='ltr'>aetate</span> <span class='ocrx_word' id='word_1_18' title='bbox 650 420 740 461; x_wconf 91' lang='lat' dir='ltr'>qua</span> <span class='ocrx_word' id='word_1_19' title='bbox 785 407 880 448; x_wconf 92' lang='lat' dir='ltr'>iam</span> <span class='ocrx_word' id='word_1_20' title='bbox 923 411 1201 461; x_wconf 90' lang='lat' dir='ltr'>quaestuosa</span> <span class='ocrx_word' id='word_1_21' title='bbox 1245 409 1410 450; x_wconf 90' lang='lat' dir='ltr'>munia</span> <span class='ocrx_word' id='word_1_22' title='bbox 1448 410 1625 463; x_wconf 86' lang='lat' dir='ltr'>cupire,</span> <span class='ocrx_word' id='word_1_23' title='bbox 1670 415 1714 451; x_wconf 87' lang='lat' dir='ltr'>et</span> <span class='ocrx_word' id='word_1_24' title='bbox 1750 411 1922 465; x_wconf 90' lang='lat' dir='ltr'>quibus</span> <span class='ocrx_word' id='word_1_25' title='bbox 1971 412 2124 454; x_wconf 89' lang='lat' dir='ltr'>modis</span> <span class='ocrx_word' id='word_1_26' title='bbox 2173 426 2223 454; x_wconf 87' lang='lat' dir='ltr'>ea</span> 
     </span>
     <span class='ocr_line' id='line_1_4' title="bbox 173 480 2218 543; baseline 0.004 -21"><span class='ocrx_word' id='word_1_27' title='bbox 173 480 432 532; x_wconf 91' lang='lat' dir='ltr'>lucrentur,</span> <span class='ocrx_word' id='word_1_28' title='bbox 454 495 674 536; x_wconf 84' lang='lat' dir='ltr'>quaerere</span> <span class='ocrx_word' id='word_1_29' title='bbox 698 483 951 537; x_wconf 90' lang='lat' dir='ltr'>incipiunt.</span> <span class='ocrx_word' id='word_1_30' title='bbox 974 483 1267 525; x_wconf 88' lang='lat' dir='ltr'>Duodecimo</span> <span class='ocrx_word' id='word_1_31' title='bbox 1286 488 1392 538; x_wconf 91' lang='lat' dir='ltr'>post</span> <span class='ocrx_word' id='word_1_32' title='bbox 1409 498 1535 526; x_wconf 88' lang='lat' dir='ltr'>anno</span> <span class='ocrx_word' id='word_1_33' title='bbox 1558 502 1575 524; x_wconf 88' lang='lat'>«</span> <span class='ocrx_word' id='word_1_34' title='bbox 1592 488 1797 528; x_wconf 89' lang='lat' dir='ltr'>cronista</span> <span class='ocrx_word' id='word_1_35' title='bbox 1816 487 1871 529; x_wconf 87' lang='lat' dir='ltr'>de</span> <span class='ocrx_word' id='word_1_36' title='bbox 1890 502 1943 529; x_wconf 89' lang='lat' dir='ltr'>su</span> <span class='ocrx_word' id='word_1_37' title='bbox 1961 489 2183 543; x_wconf 86' lang='lat' dir='ltr'>majestad</span> <span class='ocrx_word' id='word_1_38' title='bbox 2200 505 2218 529; x_wconf 84' lang='lat'><strong>›</strong></span> 
     </span>
     <span class='ocr_line' id='line_1_5' title="bbox 176 557 2224 618; baseline 0.003 -19"><span class='ocrx_word' id='word_1_39' title='bbox 176 562 272 600; x_wconf 91' lang='lat' dir='ltr'>erat</span> <span class='ocrx_word' id='word_1_40' title='bbox 293 557 621 613; x_wconf 80' lang='lat' dir='ltr'>(MDXXXIX),</span> <span class='ocrx_word' id='word_1_41' title='bbox 650 563 700 600; x_wconf 93' lang='lat' dir='ltr'>ut</span> <span class='ocrx_word' id='word_1_42' title='bbox 731 573 786 601; x_wconf 85' lang='lat' dir='ltr'>ex</span> <span class='ocrx_word' id='word_1_43' title='bbox 817 559 979 601; x_wconf 89' lang='lat' dir='ltr'>eadem</span> <span class='ocrx_word' id='word_1_44' title='bbox 1012 560 1173 601; x_wconf 88' lang='lat' dir='ltr'>charta</span> <span class='ocrx_word' id='word_1_45' title='bbox 1201 560 1587 615; x_wconf 81' lang='lat' dir='ltr'>deprehenditur.</span> <span class='ocrx_word' id='word_1_46' title='bbox 1623 561 1829 613; x_wconf 88' lang='lat' dir='ltr'>Quatuor</span> <span class='ocrx_word' id='word_1_47' title='bbox 1865 565 2044 618; x_wconf 92' lang='lat' dir='ltr'>primos</span> <span class='ocrx_word' id='word_1_48' title='bbox 2079 566 2224 607; x_wconf 89' lang='lat' dir='ltr'>libros</span> 
     </span>
     <span class='ocr_line' id='line_1_6' title="bbox 176 634 2226 697; baseline 0.004 -21"><span class='ocrx_word' id='word_1_49' title='bbox 176 634 275 677; x_wconf 89' lang='lat' dir='ltr'>eius</span> <span class='ocrx_word' id='word_1_50' title='bbox 314 635 551 676; x_wconf 87' lang='lat' dir='ltr'>«Cronica</span> <span class='ocrx_word' id='word_1_51' title='bbox 586 636 813 689; x_wconf 82' lang='lat' dir='ltr'>general»</span> <span class='ocrx_word' id='word_1_52' title='bbox 853 648 978 677; x_wconf 90' lang='lat' dir='ltr'>anno</span> <span class='ocrx_word' id='word_1_53' title='bbox 1008 636 1235 677; x_wconf 89' lang='lat' dir='ltr'>MDXLIII</span> <span class='ocrx_word' id='word_1_54' title='bbox 1272 637 1322 677; x_wconf 92' lang='lat' dir='ltr'>in</span> <span class='ocrx_word' id='word_1_55' title='bbox 1357 637 1472 680; x_wconf 88' lang='lat' dir='ltr'>urbe</span> <span class='ocrx_word' id='word_1_56' title='bbox 1500 639 1692 680; x_wconf 88' lang='lat' dir='ltr'>Zamora</span> <span class='ocrx_word' id='word_1_57' title='bbox 1722 640 1999 694; x_wconf 89' lang='lat' dir='ltr'>publicauit.</span> <span class='ocrx_word' id='word_1_58' title='bbox 2037 643 2226 697; x_wconf 71' lang='lat' dir='ltr'>Semper</span> 
     </span>
     <span class='ocr_line' id='line_1_7' title="bbox 176 712 2227 772; baseline 0.003 -20"><span class='ocrx_word' id='word_1_59' title='bbox 176 724 231 753; x_wconf 93' lang='lat' dir='ltr'>eo</span> <span class='ocrx_word' id='word_1_60' title='bbox 260 712 409 765; x_wconf 90' lang='lat' dir='ltr'>magis</span> <span class='ocrx_word' id='word_1_61' title='bbox 439 712 502 762; x_wconf 90' lang='lat' dir='ltr'>id,</span> <span class='ocrx_word' id='word_1_62' title='bbox 538 712 665 767; x_wconf 91' lang='lat' dir='ltr'>quod</span> <span class='ocrx_word' id='word_1_63' title='bbox 698 713 945 754; x_wconf 81' lang='lat' dir='ltr'>monarchi</span> <span class='ocrx_word' id='word_1_64' title='bbox 981 713 1218 766; x_wconf 78' lang='lat' dir='ltr'>intererat,</span> <span class='ocrx_word' id='word_1_65' title='bbox 1259 714 1360 755; x_wconf 89' lang='lat' dir='ltr'>eius</span> <span class='ocrx_word' id='word_1_66' title='bbox 1398 714 1611 756; x_wconf 78' lang='lat' dir='ltr'>interfuit</span> <span class='ocrx_word' id='word_1_67' title='bbox 1649 717 1867 764; x_wconf 88' lang='lat' dir='ltr'>scribere,</span> <span class='ocrx_word' id='word_1_68' title='bbox 1909 718 2034 772; x_wconf 93' lang='lat' dir='ltr'>quod</span> <span class='ocrx_word' id='word_1_69' title='bbox 2073 719 2227 760; x_wconf 87' lang='lat' dir='ltr'>nullae</span> 
     </span>
     <span class='ocr_line' id='line_1_8' title="bbox 176 787 2228 846; baseline 0.003 -16"><span class='ocrx_word' id='word_1_70' title='bbox 176 789 218 830; x_wconf 86' lang='lat' dir='ltr'>ei</span> <span class='ocrx_word' id='word_1_71' title='bbox 247 792 378 829; x_wconf 90' lang='lat' dir='ltr'>erant</span> <span class='ocrx_word' id='word_1_72' title='bbox 409 801 536 842; x_wconf 91' lang='lat' dir='ltr'>opes.</span> <span class='ocrx_word' id='word_1_73' title='bbox 575 789 688 830; x_wconf 91' lang='lat' dir='ltr'>Nam</span> <span class='ocrx_word' id='word_1_74' title='bbox 719 801 844 830; x_wconf 90' lang='lat' dir='ltr'>anno</span> <span class='ocrx_word' id='word_1_75' title='bbox 878 787 1086 831; x_wconf 79' lang='lat' dir='ltr'><strong>MDXLII</strong></span> <span class='ocrx_word' id='word_1_76' title='bbox 1121 791 1380 832; x_wconf 87' lang='lat' dir='ltr'>canonicus</span> <span class='ocrx_word' id='word_1_77' title='bbox 1413 791 1635 834; x_wconf 88' lang='lat' dir='ltr'>ecclesiae</span> <span class='ocrx_word' id='word_1_78' title='bbox 1666 794 1952 835; x_wconf 81' lang='lat' dir='ltr'>zamorensis</span> <span class='ocrx_word' id='word_1_79' title='bbox 1984 795 2146 846; x_wconf 80' lang='lat' dir='ltr'>factus,</span> <span class='ocrx_word' id='word_1_80' title='bbox 2172 796 2228 836; x_wconf 86' lang='lat' dir='ltr'>ab</span> 
     </span>
     <span class='ocr_line' id='line_1_9' title="bbox 176 866 2228 926; baseline 0.003 -19"><span class='ocrx_word' id='word_1_81' title='bbox 176 866 397 920; x_wconf 86' lang='lat' dir='ltr'>operibus</span> <span class='ocrx_word' id='word_1_82' title='bbox 425 866 521 907; x_wconf 90' lang='lat' dir='ltr'>suis</span> <span class='ocrx_word' id='word_1_83' title='bbox 555 866 794 907; x_wconf 87' lang='lat' dir='ltr'>historicis</span> <span class='ocrx_word' id='word_1_84' title='bbox 826 866 1008 907; x_wconf 90' lang='lat' dir='ltr'>inuitus</span> <span class='ocrx_word' id='word_1_85' title='bbox 1042 866 1237 918; x_wconf 83' lang='lat' dir='ltr'>destitit,</span> <span class='ocrx_word' id='word_1_86' title='bbox 1272 868 1428 909; x_wconf 88' lang='lat' dir='ltr'>officio</span> <span class='ocrx_word' id='word_1_87' title='bbox 1461 881 1588 910; x_wconf 90' lang='lat' dir='ltr'>nouo</span> <span class='ocrx_word' id='word_1_88' title='bbox 1621 873 1807 911; x_wconf 87' lang='lat' dir='ltr'>coactus</span> <span class='ocrx_word' id='word_1_89' title='bbox 1839 870 1969 925; x_wconf 86' lang='lat' dir='ltr'>fungi</span> <span class='ocrx_word' id='word_1_90' title='bbox 2007 888 2023 909; x_wconf 92' lang='lat'>«</span> <span class='ocrx_word' id='word_1_91' title='bbox 2048 885 2133 926; x_wconf 87' lang='lat' dir='ltr'>por</span> <span class='ocrx_word' id='word_1_92' title='bbox 2168 886 2228 913; x_wconf 90' lang='lat' dir='ltr'>no</span> 
     </span>
     <span class='ocr_line' id='line_1_10' title="bbox 177 943 2225 997; baseline 0.002 -13"><span class='ocrx_word' id='word_1_93' title='bbox 177 946 309 984; x_wconf 90' lang='lat' dir='ltr'>tener</span> <span class='ocrx_word' id='word_1_94' title='bbox 341 946 441 983; x_wconf 91' lang='lat' dir='ltr'>otra</span> <span class='ocrx_word' id='word_1_95' title='bbox 472 955 578 984; x_wconf 90' lang='lat' dir='ltr'>cosa</span> <span class='ocrx_word' id='word_1_96' title='bbox 613 955 700 984; x_wconf 91' lang='lat' dir='ltr'>con</span> <span class='ocrx_word' id='word_1_97' title='bbox 731 956 821 997; x_wconf 88' lang='lat' dir='ltr'>que</span> <span class='ocrx_word' id='word_1_98' title='bbox 853 956 899 984; x_wconf 90' lang='lat' dir='ltr'>se</span> <span class='ocrx_word' id='word_1_99' title='bbox 932 943 1078 997; x_wconf 89' lang='lat' dir='ltr'>poder</span> <span class='ocrx_word' id='word_1_100' title='bbox 1112 949 1414 997; x_wconf 77' lang='lat' dir='ltr'>sustentar»;</span> <span class='ocrx_word' id='word_1_101' title='bbox 1454 950 1498 988; x_wconf 87' lang='lat' dir='ltr'>et</span> <span class='ocrx_word' id='word_1_102' title='bbox 1531 946 1635 988; x_wconf 92' lang='lat' dir='ltr'>ideo</span> <span class='ocrx_word' id='word_1_103' title='bbox 1673 948 1714 988; x_wconf 93' lang='lat' dir='ltr'>ei</span> <span class='ocrx_word' id='word_1_104' title='bbox 1756 946 1903 990; x_wconf 89' lang='lat' dir='ltr'>CCCC</span> <span class='ocrx_word' id='word_1_105' title='bbox 1940 962 1962 990; x_wconf 70' lang='grc'>(1</span> <span class='ocrx_word' id='word_1_106' title='bbox 1982 949 2186 991; x_wconf 88' lang='lat' dir='ltr'>ducados</span> <span class='ocrx_word' id='word_1_107' title='bbox 2206 966 2225 989; x_wconf 84' lang='lat'>))</span> 
     </span>
     <span class='ocr_line' id='line_1_11' title="bbox 177 1019 2227 1080; baseline 0.003 -20"><span class='ocrx_word' id='word_1_108' title='bbox 177 1032 359 1060; x_wconf 89' lang='lat' dir='ltr'>annuos</span> <span class='ocrx_word' id='word_1_109' title='bbox 392 1019 628 1073; x_wconf 90' lang='lat' dir='ltr'>petierunt</span> <span class='ocrx_word' id='word_1_110' title='bbox 661 1019 768 1060; x_wconf 92' lang='lat' dir='ltr'>illae</span> <span class='ocrx_word' id='word_1_111' title='bbox 800 1023 994 1062; x_wconf 85' lang='lat' dir='ltr'>«cortes</span> <span class='ocrx_word' id='word_1_112' title='bbox 1015 1036 1056 1071; x_wconf 74' lang='grc'>1),</span> <span class='ocrx_word' id='word_1_113' title='bbox 1093 1020 1139 1061; x_wconf 93' lang='lat' dir='ltr'>id</span> <span class='ocrx_word' id='word_1_114' title='bbox 1172 1025 1241 1062; x_wconf 89' lang='lat' dir='ltr'>est</span> <span class='ocrx_word' id='word_1_115' title='bbox 1272 1021 1391 1063; x_wconf 92' lang='lat' dir='ltr'>illud</span> <span class='ocrx_word' id='word_1_116' title='bbox 1423 1023 1552 1077; x_wconf 92' lang='lat' dir='ltr'>quod</span> <span class='ocrx_word' id='word_1_117' title='bbox 1584 1037 1608 1066; x_wconf 92' lang='lat' dir='ltr'>e</span> <span class='ocrx_word' id='word_1_118' title='bbox 1638 1025 1899 1066; x_wconf 87' lang='lat' dir='ltr'>zamorensi</span> <span class='ocrx_word' id='word_1_119' title='bbox 1934 1041 1951 1063; x_wconf 94' lang='lat'>«</span> <span class='ocrx_word' id='word_1_120' title='bbox 1974 1025 2187 1080; x_wconf 88' lang='lat' dir='ltr'>calongia</span> <span class='ocrx_word' id='word_1_121' title='bbox 2210 1043 2227 1064; x_wconf 91' lang='lat'>»</span> 
     </span>
     <span class='ocr_line' id='line_1_12' title="bbox 178 1096 440 1139; baseline -0.004 -1"><span class='ocrx_word' id='word_1_122' title='bbox 178 1096 220 1138; x_wconf 90' lang='lat' dir='ltr'>ei</span> <span class='ocrx_word' id='word_1_123' title='bbox 244 1096 440 1139; x_wconf 84' lang='lat' dir='ltr'>redibat.</span> 
     </span>
    </p>
   </div>
   <div class='ocr_carea' id='block_1_3' title="bbox 179 1172 2237 1773">
    <p class='ocr_par' dir='ltr' id='par_1_3' title="bbox 179 1172 2237 1773">
     <span class='ocr_line' id='line_1_13' title="bbox 267 1172 2228 1231; baseline 0.004 -17"><span class='ocrx_word' id='word_1_124' title='bbox 267 1175 405 1215; x_wconf 85' lang='lat' dir='ltr'>Anno</span> <span class='ocrx_word' id='word_1_125' title='bbox 443 1177 600 1215; x_wconf 86' lang='lat' dir='ltr'>autem</span> <span class='ocrx_word' id='word_1_126' title='bbox 639 1172 894 1215; x_wconf 84' lang='lat' dir='ltr'>MDXXVII</span> <span class='ocrx_word' id='word_1_127' title='bbox 933 1174 1129 1216; x_wconf 88' lang='lat' dir='ltr'>Romam</span> <span class='ocrx_word' id='word_1_128' title='bbox 1167 1176 1290 1231; x_wconf 87' lang='lat' dir='ltr'>cepit</span> <span class='ocrx_word' id='word_1_129' title='bbox 1328 1180 1372 1218; x_wconf 90' lang='lat' dir='ltr'>et</span> <span class='ocrx_word' id='word_1_130' title='bbox 1408 1176 1609 1219; x_wconf 87' lang='lat' dir='ltr'>uiolauit</span> <span class='ocrx_word' id='word_1_131' title='bbox 1649 1178 1745 1220; x_wconf 85' lang='lat' dir='ltr'>dux</span> <span class='ocrx_word' id='word_1_132' title='bbox 1781 1179 1860 1221; x_wconf 90' lang='lat' dir='ltr'>ille</span> <span class='ocrx_word' id='word_1_133' title='bbox 1897 1178 1954 1221; x_wconf 93' lang='lat' dir='ltr'>de</span> <span class='ocrx_word' id='word_1_134' title='bbox 1993 1179 2228 1221; x_wconf 85' lang='lat' dir='ltr'>Bourbon.</span> 
     </span>
     <span class='ocr_line' id='line_1_14' title="bbox 179 1249 2237 1311; baseline 0.004 -20"><span class='ocrx_word' id='word_1_135' title='bbox 179 1249 418 1301; x_wconf 89' lang='lat' dir='ltr'>Quantum</span> <span class='ocrx_word' id='word_1_136' title='bbox 441 1254 485 1292; x_wconf 92' lang='lat' dir='ltr'>et</span> <span class='ocrx_word' id='word_1_137' title='bbox 507 1263 649 1305; x_wconf 89' lang='lat' dir='ltr'>quam</span> <span class='ocrx_word' id='word_1_138' title='bbox 671 1250 948 1292; x_wconf 89' lang='lat' dir='ltr'>simulatum</span> <span class='ocrx_word' id='word_1_139' title='bbox 981 1251 1195 1293; x_wconf 89' lang='lat' dir='ltr'>dolorem</span> <span class='ocrx_word' id='word_1_140' title='bbox 1219 1257 1436 1295; x_wconf 88' lang='lat' dir='ltr'>uersutus</span> <span class='ocrx_word' id='word_1_141' title='bbox 1459 1254 1654 1296; x_wconf 81' lang='lat' dir='ltr'>Carolus</span> <span class='ocrx_word' id='word_1_142' title='bbox 1683 1256 1878 1310; x_wconf 92' lang='lat' dir='ltr'>quintus</span> <span class='ocrx_word' id='word_1_143' title='bbox 1901 1261 2057 1311; x_wconf 89' lang='lat' dir='ltr'>aperte</span> <span class='ocrx_word' id='word_1_144' title='bbox 2080 1257 2237 1299; x_wconf 83' lang='lat' dir='ltr'>tulerit</span> 
     </span>
     <span class='ocr_line' id='line_1_15' title="bbox 179 1327 2237 1386; baseline 0.003 -18"><span class='ocrx_word' id='word_1_145' title='bbox 179 1327 394 1368; x_wconf 87' lang='lat' dir='ltr'>historici</span> <span class='ocrx_word' id='word_1_146' title='bbox 418 1331 716 1369; x_wconf 86' lang='lat' dir='ltr'>narrarunt2.</span> <span class='ocrx_word' id='word_1_147' title='bbox 742 1327 1022 1383; x_wconf 87' lang='lat' dir='ltr'>Quanquam</span> <span class='ocrx_word' id='word_1_148' title='bbox 1048 1330 1176 1370; x_wconf 90' lang='lat' dir='ltr'>enim</span> <span class='ocrx_word' id='word_1_149' title='bbox 1202 1329 1414 1372; x_wconf 83' lang='lat' dir='ltr'>Pontifex</span> <span class='ocrx_word' id='word_1_150' title='bbox 1443 1330 1719 1386; x_wconf 91' lang='lat' dir='ltr'>Imperatori</span> <span class='ocrx_word' id='word_1_151' title='bbox 1743 1346 1841 1375; x_wconf 89' lang='lat' dir='ltr'>non</span> <span class='ocrx_word' id='word_1_152' title='bbox 1864 1333 1947 1378; x_wconf 86' lang='lat' dir='ltr'>diu</span> <span class='ocrx_word' id='word_1_153' title='bbox 1970 1335 2237 1376; x_wconf 88' lang='lat' dir='ltr'>suscensuit</span> 
     </span>
     <span class='ocr_line' id='line_1_16' title="bbox 179 1403 2232 1463; baseline 0.003 -18"><span class='ocrx_word' id='word_1_154' title='bbox 179 1403 308 1459; x_wconf 91' lang='lat' dir='ltr'>quod</span> <span class='ocrx_word' id='word_1_155' title='bbox 346 1404 515 1445; x_wconf 86' lang='lat' dir='ltr'>Vrbem</span> <span class='ocrx_word' id='word_1_156' title='bbox 553 1404 829 1458; x_wconf 86' lang='lat' dir='ltr'>diripuisset</span> <span class='ocrx_word' id='word_1_157' title='bbox 864 1409 907 1446; x_wconf 91' lang='lat' dir='ltr'>et</span> <span class='ocrx_word' id='word_1_158' title='bbox 945 1406 1055 1447; x_wconf 88' lang='lat' dir='ltr'>satis</span> <span class='ocrx_word' id='word_1_159' title='bbox 1096 1406 1270 1448; x_wconf 89' lang='lat' dir='ltr'>multos</span> <span class='ocrx_word' id='word_1_160' title='bbox 1300 1407 1536 1449; x_wconf 91' lang='lat' dir='ltr'>Romanos</span> <span class='ocrx_word' id='word_1_161' title='bbox 1573 1409 1822 1452; x_wconf 87' lang='lat' dir='ltr'>occidisset</span> <span class='ocrx_word' id='word_1_162' title='bbox 1851 1411 1952 1452; x_wconf 91' lang='lat' dir='ltr'>eius</span> <span class='ocrx_word' id='word_1_163' title='bbox 1988 1412 2232 1463; x_wconf 86' lang='lat' dir='ltr'>exercitus,</span> 
     </span>
     <span class='ocr_line' id='line_1_17' title="bbox 181 1481 2235 1542; baseline 0.004 -20"><span class='ocrx_word' id='word_1_164' title='bbox 181 1481 381 1522; x_wconf 89' lang='lat' dir='ltr'>Romani</span> <span class='ocrx_word' id='word_1_165' title='bbox 412 1494 507 1522; x_wconf 89' lang='lat' dir='ltr'>non</span> <span class='ocrx_word' id='word_1_166' title='bbox 538 1481 695 1522; x_wconf 90' lang='lat' dir='ltr'>statim</span> <span class='ocrx_word' id='word_1_167' title='bbox 725 1482 766 1522; x_wconf 91' lang='lat' dir='ltr'>ei</span> <span class='ocrx_word' id='word_1_168' title='bbox 798 1482 1111 1535; x_wconf 83' lang='lat' dir='ltr'>ignouerunt;</span> <span class='ocrx_word' id='word_1_169' title='bbox 1149 1483 1211 1524; x_wconf 89' lang='lat' dir='ltr'>ita</span> <span class='ocrx_word' id='word_1_170' title='bbox 1240 1487 1291 1525; x_wconf 93' lang='lat' dir='ltr'>ut</span> <span class='ocrx_word' id='word_1_171' title='bbox 1320 1483 1544 1527; x_wconf 90' lang='lat' dir='ltr'>Boloniae</span> <span class='ocrx_word' id='word_1_172' title='bbox 1575 1499 1671 1528; x_wconf 90' lang='lat' dir='ltr'>non</span> <span class='ocrx_word' id='word_1_173' title='bbox 1701 1487 1875 1529; x_wconf 88' lang='lat' dir='ltr'>Romae</span> <span class='ocrx_word' id='word_1_174' title='bbox 1904 1488 2082 1542; x_wconf 87' lang='lat' dir='ltr'>insigni</span> <span class='ocrx_word' id='word_1_175' title='bbox 2105 1489 2235 1542; x_wconf 89' lang='lat' dir='ltr'>regio</span> 
     </span>
     <span class='ocr_line' id='line_1_18' title="bbox 180 1557 2237 1620; baseline 0.005 -23"><span class='ocrx_word' id='word_1_176' title='bbox 180 1557 335 1598; x_wconf 89' lang='lat' dir='ltr'>euinci</span> <span class='ocrx_word' id='word_1_177' title='bbox 358 1570 483 1598; x_wconf 89' lang='lat' dir='ltr'>anno</span> <span class='ocrx_word' id='word_1_178' title='bbox 510 1557 757 1599; x_wconf 75' lang='lat' dir='ltr'>MDCXXX</span> <span class='ocrx_word' id='word_1_179' title='bbox 782 1560 1000 1612; x_wconf 88' lang='lat' dir='ltr'>potuerit.</span> <span class='ocrx_word' id='word_1_180' title='bbox 1024 1559 1153 1602; x_wconf 87' lang='lat' dir='ltr'>Adde</span> <span class='ocrx_word' id='word_1_181' title='bbox 1176 1560 1302 1615; x_wconf 91' lang='lat' dir='ltr'>quod</span> <span class='ocrx_word' id='word_1_182' title='bbox 1321 1561 1575 1604; x_wconf 86' lang='lat' dir='ltr'>catholicas</span> <span class='ocrx_word' id='word_1_183' title='bbox 1599 1567 1760 1617; x_wconf 83' lang='lat' dir='ltr'>gentes</span> <span class='ocrx_word' id='word_1_184' title='bbox 1784 1569 1828 1606; x_wconf 89' lang='lat' dir='ltr'>et</span> <span class='ocrx_word' id='word_1_185' title='bbox 1850 1565 1978 1620; x_wconf 92' lang='lat' dir='ltr'>ipsos</span> <span class='ocrx_word' id='word_1_186' title='bbox 2003 1565 2237 1620; x_wconf 86' lang='lat' dir='ltr'>Hispanos</span> 
     </span>
     <span class='ocr_line' id='line_1_19' title="bbox 182 1634 2237 1697; baseline 0.004 -22"><span class='ocrx_word' id='word_1_187' title='bbox 182 1634 351 1676; x_wconf 87' lang='lat' dir='ltr'>horror</span> <span class='ocrx_word' id='word_1_188' title='bbox 386 1635 727 1688; x_wconf 81' lang='lat' dir='ltr'>perstringebat</span> <span class='ocrx_word' id='word_1_189' title='bbox 761 1635 1002 1678; x_wconf 83' lang='lat' dir='ltr'>audientes</span> <span class='ocrx_word' id='word_1_190' title='bbox 1042 1641 1108 1678; x_wconf 89' lang='lat' dir='ltr'>tot</span> <span class='ocrx_word' id='word_1_191' title='bbox 1141 1638 1303 1679; x_wconf 86' lang='lat' dir='ltr'>caedes</span> <span class='ocrx_word' id='word_1_192' title='bbox 1332 1643 1376 1680; x_wconf 90' lang='lat' dir='ltr'>et</span> <span class='ocrx_word' id='word_1_193' title='bbox 1403 1638 1650 1681; x_wconf 88' lang='lat' dir='ltr'>latrocinia</span> <span class='ocrx_word' id='word_1_194' title='bbox 1695 1641 1870 1696; x_wconf 91' lang='lat' dir='ltr'>quibus</span> <span class='ocrx_word' id='word_1_195' title='bbox 1906 1642 2024 1684; x_wconf 88' lang='lat' dir='ltr'>Vrbs</span> <span class='ocrx_word' id='word_1_196' title='bbox 2059 1642 2237 1697; x_wconf 91' lang='lat' dir='ltr'>polluta</span> 
     </span>
     <span class='ocr_line' id='line_1_20' title="bbox 182 1710 1821 1773; baseline 0.005 -21"><span class='ocrx_word' id='word_1_197' title='bbox 182 1711 374 1754; x_wconf 80' lang='lat' dir='ltr'>suerat3.</span> <span class='ocrx_word' id='word_1_198' title='bbox 408 1710 543 1763; x_wconf 89' lang='lat' dir='ltr'>Quod</span> <span class='ocrx_word' id='word_1_199' title='bbox 574 1725 682 1754; x_wconf 91' lang='lat' dir='ltr'>sane</span> <span class='ocrx_word' id='word_1_200' title='bbox 713 1711 1013 1767; x_wconf 89' lang='lat' dir='ltr'>Imperatoris</span> <span class='ocrx_word' id='word_1_201' title='bbox 1043 1715 1181 1755; x_wconf 88' lang='lat' dir='ltr'>rebus</span> <span class='ocrx_word' id='word_1_202' title='bbox 1210 1716 1465 1757; x_wconf 91' lang='lat' dir='ltr'>exitiosum</span> <span class='ocrx_word' id='word_1_203' title='bbox 1495 1717 1595 1759; x_wconf 89' lang='lat' dir='ltr'>fieri</span> <span class='ocrx_word' id='word_1_204' title='bbox 1627 1722 1821 1773; x_wconf 88' lang='lat' dir='ltr'>poterat.</span> 
     </span>
    </p>
   </div>
   <div class='ocr_carea' id='block_1_4' title="bbox 180 1788 2240 2007">
    <p class='ocr_par' dir='ltr' id='par_1_4' title="bbox 180 1788 2240 2007">
     <span class='ocr_line' id='line_1_21' title="bbox 269 1788 2240 1852; baseline 0.005 -22"><span class='ocrx_word' id='word_1_205' title='bbox 269 1789 434 1831; x_wconf 91' lang='lat' dir='ltr'>Nonne</span> <span class='ocrx_word' id='word_1_206' title='bbox 456 1788 535 1830; x_wconf 88' lang='lat' dir='ltr'>ille</span> <span class='ocrx_word' id='word_1_207' title='bbox 559 1788 712 1830; x_wconf 87' lang='lat' dir='ltr'>luctus</span> <span class='ocrx_word' id='word_1_208' title='bbox 736 1803 877 1844; x_wconf 89' lang='lat' dir='ltr'>quem</span> <span class='ocrx_word' id='word_1_209' title='bbox 902 1791 1106 1845; x_wconf 92' lang='lat' dir='ltr'>populus</span> <span class='ocrx_word' id='word_1_210' title='bbox 1131 1792 1341 1835; x_wconf 88' lang='lat' dir='ltr'>indicare</span> <span class='ocrx_word' id='word_1_211' title='bbox 1364 1794 1519 1836; x_wconf 91' lang='lat' dir='ltr'>iussus</span> <span class='ocrx_word' id='word_1_212' title='bbox 1543 1799 1627 1847; x_wconf 88' lang='lat' dir='ltr'>est,</span> <span class='ocrx_word' id='word_1_213' title='bbox 1660 1795 1886 1838; x_wconf 91' lang='lat' dir='ltr'>clericum</span> <span class='ocrx_word' id='word_1_214' title='bbox 1909 1811 2163 1852; x_wconf 85' lang='lat' dir='ltr'>pauperem</span> <span class='ocrx_word' id='word_1_215' title='bbox 2197 1801 2240 1839; x_wconf 90' lang='lat' dir='ltr'>et</span> 
     </span>
     <span class='ocr_line' id='line_1_22' title="bbox 180 1865 2237 1930; baseline 0.005 -23"><span class='ocrx_word' id='word_1_216' title='bbox 180 1865 461 1921; x_wconf 86' lang='lat' dir='ltr'>prudentem</span> <span class='ocrx_word' id='word_1_217' title='bbox 487 1866 663 1918; x_wconf 87' lang='lat' dir='ltr'>docuit,</span> <span class='ocrx_word' id='word_1_218' title='bbox 685 1868 925 1922; x_wconf 90' lang='lat' dir='ltr'>quomodo</span> <span class='ocrx_word' id='word_1_219' title='bbox 949 1868 1225 1923; x_wconf 91' lang='lat' dir='ltr'>Imperatori</span> <span class='ocrx_word' id='word_1_220' title='bbox 1251 1883 1450 1924; x_wconf 89' lang='lat' dir='ltr'>persona</span> <span class='ocrx_word' id='word_1_221' title='bbox 1474 1876 1604 1926; x_wconf 87' lang='lat' dir='ltr'>grata</span> <span class='ocrx_word' id='word_1_222' title='bbox 1620 1873 1721 1915; x_wconf 91' lang='lat' dir='ltr'>fieri</span> <span class='ocrx_word' id='word_1_223' title='bbox 1740 1877 1910 1928; x_wconf 87' lang='lat' dir='ltr'>posset.</span> <span class='ocrx_word' id='word_1_224' title='bbox 1938 1875 2052 1916; x_wconf 86' lang='lat' dir='ltr'>Nam</span> <span class='ocrx_word' id='word_1_225' title='bbox 2076 1875 2113 1916; x_wconf 92' lang='lat' dir='ltr'>si</span> <span class='ocrx_word' id='word_1_226' title='bbox 2131 1876 2237 1930; x_wconf 88' lang='lat' dir='ltr'>quis</span> 
     </span>
     <span class='ocr_line' id='line_1_23' title="bbox 182 1943 2237 2007; baseline 0.005 -23"><span class='ocrx_word' id='word_1_227' title='bbox 182 1943 554 1985; x_wconf 87' lang='lat' dir='ltr'>considerauerit</span> <span class='ocrx_word' id='word_1_228' title='bbox 579 1944 693 1998; x_wconf 91' lang='lat' dir='ltr'>quid</span> <span class='ocrx_word' id='word_1_229' title='bbox 716 1944 923 2000; x_wconf 89' lang='lat' dir='ltr'>Ocampo</span> <span class='ocrx_word' id='word_1_230' title='bbox 947 1945 1003 1987; x_wconf 92' lang='lat' dir='ltr'>de</span> <span class='ocrx_word' id='word_1_231' title='bbox 1025 1946 1184 1988; x_wconf 86' lang='lat' dir='ltr'>Annio</span> <span class='ocrx_word' id='word_1_232' title='bbox 1207 1947 1486 1990; x_wconf 76' lang='lat' dir='ltr'>viterbiensi</span> <span class='ocrx_word' id='word_1_233' title='bbox 1509 1951 1721 2003; x_wconf 89' lang='lat' dir='ltr'>senserit,</span> <span class='ocrx_word' id='word_1_234' title='bbox 1746 1955 1791 1993; x_wconf 91' lang='lat' dir='ltr'>et</span> <span class='ocrx_word' id='word_1_235' title='bbox 1813 1965 1956 2007; x_wconf 90' lang='lat' dir='ltr'>quare</span> <span class='ocrx_word' id='word_1_236' title='bbox 1978 1956 2135 1995; x_wconf 88' lang='lat' dir='ltr'>tamen</span> <span class='ocrx_word' id='word_1_237' title='bbox 2157 1952 2237 1995; x_wconf 87' lang='lat' dir='ltr'>illa</span> 
     </span>
    </p>
   </div>
   <div class='ocr_carea' id='block_1_5' title="bbox 181 2020 2237 2153">
    <p class='ocr_par' dir='ltr' id='par_1_5' title="bbox 181 2020 2237 2153">
     <span class='ocr_line' id='line_1_24' title="bbox 181 2020 2237 2078; baseline 0.005 -16"><span class='ocrx_word' id='word_1_238' title='bbox 181 2021 313 2069; x_wconf 85' lang='lat' dir='ltr'>foede</span> <span class='ocrx_word' id='word_1_239' title='bbox 335 2021 441 2063; x_wconf 92' lang='lat' dir='ltr'>ficta</span> <span class='ocrx_word' id='word_1_240' title='bbox 473 2020 732 2073; x_wconf 89' lang='lat' dir='ltr'>admiserit,</span> <span class='ocrx_word' id='word_1_241' title='bbox 767 2035 862 2063; x_wconf 90' lang='lat' dir='ltr'>non</span> <span class='ocrx_word' id='word_1_242' title='bbox 892 2022 1065 2063; x_wconf 90' lang='lat' dir='ltr'>iniuria</span> <span class='ocrx_word' id='word_1_243' title='bbox 1097 2024 1413 2078; x_wconf 83' lang='lat' dir='ltr'>suspicabitur</span> <span class='ocrx_word' id='word_1_244' title='bbox 1441 2026 1571 2069; x_wconf 90' lang='lat' dir='ltr'>hunc</span> <span class='ocrx_word' id='word_1_245' title='bbox 1602 2041 1923 2072; x_wconf 84' lang='lat' dir='ltr'>zamorensem</span> <span class='ocrx_word' id='word_1_246' title='bbox 1955 2030 2237 2073; x_wconf 89' lang='lat' dir='ltr'>historicum</span> 
     </span>
     <span class='ocr_line' id='line_1_25' title="bbox 183 2098 1280 2153; baseline 0.002 -13"><span class='ocrx_word' id='word_1_247' title='bbox 183 2112 280 2140; x_wconf 92' lang='lat' dir='ltr'>non</span> <span class='ocrx_word' id='word_1_248' title='bbox 304 2098 508 2153; x_wconf 90' lang='lat' dir='ltr'>quadam</span> <span class='ocrx_word' id='word_1_249' title='bbox 535 2098 715 2152; x_wconf 91' lang='lat' dir='ltr'>ingenii</span> <span class='ocrx_word' id='word_1_250' title='bbox 738 2099 1009 2141; x_wconf 80' lang='lat' dir='ltr'>dexteritate</span> <span class='ocrx_word' id='word_1_251' title='bbox 1033 2100 1280 2143; x_wconf 59' lang='lat' dir='ltr'>caruissefi.</span> 
     </span>
    </p>
   </div>
   <div class='ocr_carea' id='block_1_6' title="bbox 242 2176 2235 2238">
    <p class='ocr_par' dir='ltr' id='par_1_6' title="bbox 242 2176 2235 2238">
     <span class='ocr_line' id='line_1_26' title="bbox 242 2176 2235 2238; baseline 0.005 -20"><span class='ocrx_word' id='word_1_252' title='bbox 242 2176 408 2218; x_wconf 90' lang='lat' dir='ltr'>Nonne</span> <span class='ocrx_word' id='word_1_253' title='bbox 442 2179 599 2217; x_wconf 89' lang='lat' dir='ltr'>autem</span> <span class='ocrx_word' id='word_1_254' title='bbox 641 2176 810 2227; x_wconf 82' lang='lat' dir='ltr'>scelus,</span> <span class='ocrx_word' id='word_1_255' title='bbox 851 2177 977 2232; x_wconf 93' lang='lat' dir='ltr'>quod</span> <span class='ocrx_word' id='word_1_256' title='bbox 1018 2178 1191 2220; x_wconf 88' lang='lat' dir='ltr'>milites</span> <span class='ocrx_word' id='word_1_257' title='bbox 1228 2179 1419 2234; x_wconf 90' lang='lat' dir='ltr'>hispani</span> <span class='ocrx_word' id='word_1_258' title='bbox 1456 2194 1566 2223; x_wconf 92' lang='lat' dir='ltr'>cum</span> <span class='ocrx_word' id='word_1_259' title='bbox 1603 2184 1841 2237; x_wconf 89' lang='lat' dir='ltr'>germanis</span> <span class='ocrx_word' id='word_1_260' title='bbox 1885 2185 2235 2238; x_wconf 83' lang='lat' dir='ltr'>commiserant,</span> 
     </span>
    </p>
   </div>
   <div class='ocr_carea' id='block_1_7' title="bbox 184 2253 2240 2461">
    <p class='ocr_par' dir='ltr' id='par_1_7' title="bbox 184 2253 2240 2461">
     <span class='ocr_line' id='line_1_27' title="bbox 184 2253 2240 2316; baseline 0.005 -20"><span class='ocrx_word' id='word_1_261' title='bbox 184 2254 480 2309; x_wconf 87' lang='lat' dir='ltr'>compensari</span> <span class='ocrx_word' id='word_1_262' title='bbox 505 2253 664 2308; x_wconf 90' lang='lat' dir='ltr'>aliquo</span> <span class='ocrx_word' id='word_1_263' title='bbox 689 2254 830 2295; x_wconf 91' lang='lat' dir='ltr'>modo</span> <span class='ocrx_word' id='word_1_264' title='bbox 855 2259 1036 2308; x_wconf 88' lang='lat' dir='ltr'>poterat</span> <span class='ocrx_word' id='word_1_265' title='bbox 1068 2256 1104 2296; x_wconf 91' lang='lat' dir='ltr'>si</span> <span class='ocrx_word' id='word_1_266' title='bbox 1130 2256 1186 2297; x_wconf 87' lang='lat' dir='ltr'>ab</span> <span class='ocrx_word' id='word_1_267' title='bbox 1212 2256 1433 2312; x_wconf 90' lang='lat' dir='ltr'>Hispanis</span> <span class='ocrx_word' id='word_1_268' title='bbox 1456 2259 1571 2314; x_wconf 90' lang='lat' dir='ltr'>ipsis</span> <span class='ocrx_word' id='word_1_269' title='bbox 1594 2261 1836 2316; x_wconf 92' lang='lat' dir='ltr'>quondam</span> <span class='ocrx_word' id='word_1_270' title='bbox 1860 2262 2056 2305; x_wconf 87' lang='lat' dir='ltr'>Romam</span> <span class='ocrx_word' id='word_1_271' title='bbox 2079 2264 2240 2305; x_wconf 88' lang='lat' dir='ltr'>condi—</span> 
     </span>
     <span class='ocr_line' id='line_1_28' title="bbox 184 2331 2240 2388; baseline 0.005 -15"><span class='ocrx_word' id='word_1_272' title='bbox 184 2336 279 2388; x_wconf 81' lang='lat' dir='ltr'>tam</span> <span class='ocrx_word' id='word_1_273' title='bbox 302 2344 400 2373; x_wconf 90' lang='lat' dir='ltr'>esse</span> <span class='ocrx_word' id='word_1_274' title='bbox 425 2331 720 2372; x_wconf 89' lang='lat' dir='ltr'>inueniretur</span> <span class='ocrx_word' id='word_1_275' title='bbox 742 2334 785 2372; x_wconf 91' lang='lat' dir='ltr'>et</span> <span class='ocrx_word' id='word_1_276' title='bbox 807 2331 1113 2384; x_wconf 70' lang='lat' dir='ltr'>probaretur?</span> <span class='ocrx_word' id='word_1_277' title='bbox 1137 2332 1275 2385; x_wconf 83' lang='lat' dir='ltr'>Quid,</span> <span class='ocrx_word' id='word_1_278' title='bbox 1316 2334 1354 2375; x_wconf 92' lang='lat' dir='ltr'>si</span> <span class='ocrx_word' id='word_1_279' title='bbox 1379 2335 1574 2377; x_wconf 86' lang='lat' dir='ltr'>Romam</span> <span class='ocrx_word' id='word_1_280' title='bbox 1599 2350 1697 2379; x_wconf 91' lang='lat' dir='ltr'>non</span> <span class='ocrx_word' id='word_1_281' title='bbox 1730 2343 1898 2381; x_wconf 90' lang='lat' dir='ltr'>octauo</span> <span class='ocrx_word' id='word_1_282' title='bbox 1926 2340 2112 2382; x_wconf 87' lang='lat' dir='ltr'>saeculo</span> <span class='ocrx_word' id='word_1_283' title='bbox 2134 2344 2240 2382; x_wconf 87' lang='lat' dir='ltr'>ante</span> 
     </span>
     <span class='ocr_line' id='line_1_29' title="bbox 185 2407 2240 2461; baseline 0.004 -11"><span class='ocrx_word' id='word_1_284' title='bbox 185 2409 339 2451; x_wconf 89' lang='lat' dir='ltr'>Iesum</span> <span class='ocrx_word' id='word_1_285' title='bbox 371 2407 632 2459; x_wconf 82' lang='lat' dir='ltr'>Christum,</span> <span class='ocrx_word' id='word_1_286' title='bbox 669 2407 749 2449; x_wconf 88' lang='lat' dir='ltr'>sed</span> <span class='ocrx_word' id='word_1_287' title='bbox 788 2407 938 2450; x_wconf 89' lang='lat' dir='ltr'>multo</span> <span class='ocrx_word' id='word_1_288' title='bbox 971 2413 1092 2461; x_wconf 89' lang='lat' dir='ltr'>ante,</span> <span class='ocrx_word' id='word_1_289' title='bbox 1127 2410 1184 2451; x_wconf 88' lang='lat' dir='ltr'>ab</span> <span class='ocrx_word' id='word_1_290' title='bbox 1223 2411 1438 2453; x_wconf 89' lang='lat' dir='ltr'>Herculis</span> <span class='ocrx_word' id='word_1_291' title='bbox 1476 2414 1732 2456; x_wconf 92' lang='lat' dir='ltr'>comitibus</span> <span class='ocrx_word' id='word_1_292' title='bbox 1769 2419 1814 2457; x_wconf 88' lang='lat' dir='ltr'>et</span> <span class='ocrx_word' id='word_1_293' title='bbox 1849 2417 2014 2459; x_wconf 91' lang='lat' dir='ltr'>amicis</span> <span class='ocrx_word' id='word_1_294' title='bbox 2050 2417 2240 2459; x_wconf 90' lang='lat' dir='ltr'>condita</span> 
     </span>
    </p>
   </div>
   <div class='ocr_carea' id='block_1_8' title="bbox 185 2484 2257 2626">
    <p class='ocr_par' dir='ltr' id='par_1_8' title="bbox 185 2484 2257 2626">
     <span class='ocr_line' id='line_1_30' title="bbox 186 2484 2257 2549; baseline 0.003 -21"><span class='ocrx_word' id='word_1_295' title='bbox 186 2485 534 2528; x_wconf 71' lang='lat' dir='ltr'>declararetur?</span> <span class='ocrx_word' id='word_1_296' title='bbox 587 2484 651 2538; x_wconf 86' lang='lat' dir='ltr'>Si,</span> <span class='ocrx_word' id='word_1_297' title='bbox 709 2484 1115 2539; x_wconf 86' lang='lat' dir='ltr'>quemadmodum</span> <span class='ocrx_word' id='word_1_298' title='bbox 1160 2488 1344 2530; x_wconf 86' lang='lat' dir='ltr'>Annius</span> <span class='ocrx_word' id='word_1_299' title='bbox 1388 2488 1693 2533; x_wconf 90' lang='lat' dir='ltr'>Viterbiensis</span> <span class='ocrx_word' id='word_1_300' title='bbox 1740 2492 1994 2548; x_wconf 89' lang='lat' dir='ltr'>Hispaniae</span> <span class='ocrx_word' id='word_1_301' title='bbox 2037 2495 2257 2549; x_wconf 91' lang='lat' dir='ltr'>amplius·</span> 
     </span>
     <span class='ocr_line' id='line_1_31' title="bbox 185 2561 2239 2626; baseline 0.004 -22"><span class='ocrx_word' id='word_1_302' title='bbox 185 2563 358 2617; x_wconf 89' lang='lat' dir='ltr'>uiginti</span> <span class='ocrx_word' id='word_1_303' title='bbox 392 2575 521 2616; x_wconf 90' lang='lat' dir='ltr'>reges</span> <span class='ocrx_word' id='word_1_304' title='bbox 554 2561 707 2603; x_wconf 90' lang='lat' dir='ltr'>adhuc</span> <span class='ocrx_word' id='word_1_305' title='bbox 740 2562 926 2616; x_wconf 89' lang='lat' dir='ltr'>ignotos</span> <span class='ocrx_word' id='word_1_306' title='bbox 961 2563 1240 2616; x_wconf 87' lang='lat' dir='ltr'>reddiderat,</span> <span class='ocrx_word' id='word_1_307' title='bbox 1282 2566 1346 2607; x_wconf 88' lang='lat' dir='ltr'>ita</span> <span class='ocrx_word' id='word_1_308' title='bbox 1378 2566 1575 2609; x_wconf 90' lang='lat' dir='ltr'>Romam</span> <span class='ocrx_word' id='word_1_309' title='bbox 1609 2569 1760 2612; x_wconf 91' lang='lat' dir='ltr'>multo</span> <span class='ocrx_word' id='word_1_310' title='bbox 1793 2584 1891 2612; x_wconf 91' lang='lat' dir='ltr'>esse</span> <span class='ocrx_word' id='word_1_311' title='bbox 1922 2572 2239 2626; x_wconf 87' lang='lat' dir='ltr'>antiquiorem</span> 
     </span>
    </p>
   </div>
   <div class='ocr_carea' id='block_1_9' title="bbox 185 2639 2241 2849">
    <p class='ocr_par' dir='ltr' id='par_1_9' title="bbox 185 2639 2241 2849">
     <span class='ocr_line' id='line_1_32' title="bbox 185 2639 2241 2705; baseline 0.005 -23"><span class='ocrx_word' id='word_1_312' title='bbox 185 2654 327 2696; x_wconf 87' lang='lat' dir='ltr'>quam</span> <span class='ocrx_word' id='word_1_313' title='bbox 360 2639 589 2695; x_wconf 88' lang='lat' dir='ltr'>putabant</span> <span class='ocrx_word' id='word_1_314' title='bbox 618 2639 708 2693; x_wconf 89' lang='lat' dir='ltr'>ipsi</span> <span class='ocrx_word' id='word_1_315' title='bbox 745 2639 945 2681; x_wconf 89' lang='lat' dir='ltr'>Romani</span> <span class='ocrx_word' id='word_1_316' title='bbox 987 2644 1032 2682; x_wconf 90' lang='lat' dir='ltr'>et</span> <span class='ocrx_word' id='word_1_317' title='bbox 1065 2641 1265 2684; x_wconf 88' lang='lat' dir='ltr'>heroum</span> <span class='ocrx_word' id='word_1_318' title='bbox 1308 2646 1518 2698; x_wconf 92' lang='lat' dir='ltr'>tempore</span> <span class='ocrx_word' id='word_1_319' title='bbox 1552 2646 1645 2688; x_wconf 92' lang='lat' dir='ltr'>iam</span> <span class='ocrx_word' id='word_1_320' title='bbox 1678 2648 1909 2690; x_wconf 79' lang='lat' dir='ltr'>exstitisse</span> <span class='ocrx_word' id='word_1_321' title='bbox 1941 2648 2088 2705; x_wconf 91' lang='lat' dir='ltr'>(quod</span> <span class='ocrx_word' id='word_1_322' title='bbox 2121 2654 2241 2692; x_wconf 85' lang='lat' dir='ltr'>certe</span> 
     </span>
     <span class='ocr_line' id='line_1_33' title="bbox 187 2716 2240 2777; baseline 0.003 -17"><span class='ocrx_word' id='word_1_323' title='bbox 187 2717 447 2772; x_wconf 90' lang='lat' dir='ltr'>Vergilium</span> <span class='ocrx_word' id='word_1_324' title='bbox 478 2716 709 2773; x_wconf 72' lang='lat' dir='ltr'>latuerat),</span> <span class='ocrx_word' id='word_1_325' title='bbox 743 2720 794 2758; x_wconf 92' lang='lat' dir='ltr'>ut</span> <span class='ocrx_word' id='word_1_326' title='bbox 826 2717 957 2758; x_wconf 87' lang='lat' dir='ltr'>illam</span> <span class='ocrx_word' id='word_1_327' title='bbox 989 2718 1117 2760; x_wconf 91' lang='lat' dir='ltr'>orbis</span> <span class='ocrx_word' id='word_1_328' title='bbox 1148 2718 1511 2764; x_wconf 90' lang='lat' dir='ltr'>dominatricem</span> <span class='ocrx_word' id='word_1_329' title='bbox 1543 2723 1750 2777; x_wconf 87' lang='lat' dir='ltr'>decebat,</span> <span class='ocrx_word' id='word_1_330' title='bbox 1785 2729 1829 2767; x_wconf 90' lang='lat' dir='ltr'>et</span> <span class='ocrx_word' id='word_1_331' title='bbox 1860 2739 1968 2768; x_wconf 91' lang='lat' dir='ltr'>uere</span> <span class='ocrx_word' id='word_1_332' title='bbox 2004 2731 2240 2769; x_wconf 87' lang='lat' dir='ltr'>aeternam</span> 
     </span>
     <span class='ocr_line' id='line_1_34' title="bbox 185 2794 1153 2849; baseline 0 -11"><span class='ocrx_word' id='word_1_333' title='bbox 185 2794 359 2838; x_wconf 89' lang='lat' dir='ltr'>Vrbem</span> <span class='ocrx_word' id='word_1_334' title='bbox 382 2795 483 2837; x_wconf 88' lang='lat' dir='ltr'>fieri</span> <span class='ocrx_word' id='word_1_335' title='bbox 508 2794 744 2849; x_wconf 89' lang='lat' dir='ltr'>Hispanus</span> <span class='ocrx_word' id='word_1_336' title='bbox 770 2794 942 2849; x_wconf 89' lang='lat' dir='ltr'>aliquis</span> <span class='ocrx_word' id='word_1_337' title='bbox 968 2795 1153 2838; x_wconf 85' lang='lat' dir='ltr'>faceret.</span> 
     </span>
    </p>
   </div>
   <div class='ocr_carea' id='block_1_10' title="bbox 186 2947 2241 3230">
    <p class='ocr_par' dir='ltr' id='par_1_10' title="bbox 186 2947 2241 3134">
     <span class='ocr_line' id='line_1_35' title="bbox 274 2947 2240 2995; baseline 0.004 -16"><span class='ocrx_word' id='word_1_338' title='bbox 274 2960 300 2979; x_wconf 86' lang='lat'>1.</span> <span class='ocrx_word' id='word_1_339' title='bbox 325 2949 492 2978; x_wconf 87' lang='lat' dir='ltr'>«Florian</span> <span class='ocrx_word' id='word_1_340' title='bbox 510 2947 553 2978; x_wconf 91' lang='lat' dir='ltr'>de</span> <span class='ocrx_word' id='word_1_341' title='bbox 568 2947 734 2986; x_wconf 85' lang='lat' dir='ltr'>Ocampo,</span> <span class='ocrx_word' id='word_1_342' title='bbox 752 2948 890 2978; x_wconf 88' lang='lat' dir='ltr'>natural</span> <span class='ocrx_word' id='word_1_343' title='bbox 907 2949 949 2978; x_wconf 90' lang='lat' dir='ltr'>de</span> <span class='ocrx_word' id='word_1_344' title='bbox 966 2949 997 2978; x_wconf 98' lang='grc'>13</span> <span class='ocrx_word' id='word_1_345' title='bbox 1014 2949 1150 2979; x_wconf 89' lang='lat' dir='ltr'>Ciudad</span> <span class='ocrx_word' id='word_1_346' title='bbox 1166 2950 1208 2980; x_wconf 91' lang='lat' dir='ltr'>de</span> <span class='ocrx_word' id='word_1_347' title='bbox 1233 2951 1387 2988; x_wconf 84' lang='lat' dir='ltr'>Zamora,</span> <span class='ocrx_word' id='word_1_348' title='bbox 1414 2953 1456 2982; x_wconf 90' lang='lat' dir='ltr'>de</span> <span class='ocrx_word' id='word_1_349' title='bbox 1482 2953 1584 2983; x_wconf 88' lang='lat' dir='ltr'>noble</span> <span class='ocrx_word' id='word_1_350' title='bbox 1610 2954 1737 2992; x_wconf 81' lang='lat' dir='ltr'>linage,</span> <span class='ocrx_word' id='word_1_351' title='bbox 1765 2955 1922 2986; x_wconf 85' lang='lat' dir='ltr'>Cronista</span> <span class='ocrx_word' id='word_1_352' title='bbox 1946 2957 1988 2986; x_wconf 81' lang='lat' dir='ltr'>de</span> <span class='ocrx_word' id='word_1_353' title='bbox 2007 2957 2042 2985; x_wconf 76' lang='lat' dir='ltr'>V.</span> <span class='ocrx_word' id='word_1_354' title='bbox 2063 2957 2104 2987; x_wconf 71' lang='lat' dir='ltr'>M.</span> <span class='ocrx_word' id='word_1_355' title='bbox 2123 2967 2191 2995; x_wconf 77' lang='lat' dir='ltr'>quc</span> <span class='ocrx_word' id='word_1_356' title='bbox 2207 2967 2240 2987; x_wconf 64' lang='lat' dir='ltr'>es</span> 
     </span>
     <span class='ocr_line' id='line_1_36' title="bbox 186 2995 2240 3042; baseline 0.004 -16"><span class='ocrx_word' id='word_1_357' title='bbox 186 3005 288 3034; x_wconf 87' lang='lat' dir='ltr'>agora</span> <span class='ocrx_word' id='word_1_358' title='bbox 304 2997 347 3026; x_wconf 91' lang='lat' dir='ltr'>de</span> <span class='ocrx_word' id='word_1_359' title='bbox 361 2996 448 3026; x_wconf 89' lang='lat' dir='ltr'>edad</span> <span class='ocrx_word' id='word_1_360' title='bbox 464 2995 506 3025; x_wconf 90' lang='lat' dir='ltr'>de</span> <span class='ocrx_word' id='word_1_361' title='bbox 522 2996 559 3025; x_wconf 85' lang='lat'>55</span> <span class='ocrx_word' id='word_1_362' title='bbox 577 2998 671 3031; x_wconf 74' lang='lat' dir='ltr'>a1&#39;105,</span> <span class='ocrx_word' id='word_1_363' title='bbox 690 2996 830 3026; x_wconf 79' lang='lat' dir='ltr'>movido</span> <span class='ocrx_word' id='word_1_364' title='bbox 846 2997 889 3026; x_wconf 89' lang='lat' dir='ltr'>de</span> <span class='ocrx_word' id='word_1_365' title='bbox 904 3006 944 3025; x_wconf 89' lang='lat' dir='ltr'>su</span> <span class='ocrx_word' id='word_1_366' title='bbox 962 2997 1099 3027; x_wconf 87' lang='lat' dir='ltr'>natural</span> <span class='ocrx_word' id='word_1_367' title='bbox 1119 2998 1342 3035; x_wconf 90' lang='lat' dir='ltr'>inclinacion,</span> <span class='ocrx_word' id='word_1_368' title='bbox 1360 3000 1404 3029; x_wconf 92' lang='lat' dir='ltr'>ha</span> <span class='ocrx_word' id='word_1_369' title='bbox 1420 3002 1543 3030; x_wconf 84' lang='lat' dir='ltr'>escrito</span> <span class='ocrx_word' id='word_1_370' title='bbox 1562 3002 1598 3031; x_wconf 70' lang='lat'>23</span> <span class='ocrx_word' id='word_1_371' title='bbox 1615 3005 1696 3031; x_wconf 69' lang='lat' dir='ltr'>aiios</span> <span class='ocrx_word' id='word_1_372' title='bbox 1719 3012 1760 3032; x_wconf 90' lang='lat' dir='ltr'>en</span> <span class='ocrx_word' id='word_1_373' title='bbox 1779 3003 1812 3032; x_wconf 90' lang='lat' dir='ltr'>la</span> <span class='ocrx_word' id='word_1_374' title='bbox 1835 3003 1978 3034; x_wconf 67' lang='lat' dir='ltr'>Crdnica</span> <span class='ocrx_word' id='word_1_375' title='bbox 2001 3005 2042 3033; x_wconf 87' lang='lat' dir='ltr'>dc</span> <span class='ocrx_word' id='word_1_376' title='bbox 2067 3005 2207 3042; x_wconf 55' lang='lat' dir='ltr'>lis-pana.</span> <span class='ocrx_word' id='word_1_377' title='bbox 2226 3019 2240 3030; x_wconf 90' lang='lat'>»</span> 
     </span>
     <span class='ocr_line' id='line_1_37' title="bbox 188 3043 2241 3090; baseline 0.004 -16"><span class='ocrx_word' id='word_1_378' title='bbox 188 3045 236 3074; x_wconf 86' lang='lat' dir='ltr'>De</span> <span class='ocrx_word' id='word_1_379' title='bbox 265 3045 327 3074; x_wconf 88' lang='lat' dir='ltr'>illo</span> <span class='ocrx_word' id='word_1_380' title='bbox 353 3044 619 3080; x_wconf 84' lang='lat' dir='ltr'>chronographo</span> <span class='ocrx_word' id='word_1_381' title='bbox 649 3043 729 3072; x_wconf 89' lang='lat' dir='ltr'>uide</span> <span class='ocrx_word' id='word_1_382' title='bbox 756 3052 844 3081; x_wconf 88' lang='lat' dir='ltr'>opus</span> <span class='ocrx_word' id='word_1_383' title='bbox 878 3053 996 3073; x_wconf 87' lang='lat' dir='ltr'>recens</span> <span class='ocrx_word' id='word_1_384' title='bbox 1030 3045 1125 3083; x_wconf 89' lang='lat' dir='ltr'>quod</span> <span class='ocrx_word' id='word_1_385' title='bbox 1159 3046 1355 3083; x_wconf 87' lang='lat' dir='ltr'>publicauit</span> <span class='ocrx_word' id='word_1_386' title='bbox 1390 3048 1552 3077; x_wconf 79' lang='lat' dir='ltr'>Alsredus</span> <span class='ocrx_word' id='word_1_387' title='bbox 1581 3049 1801 3080; x_wconf 79' lang='lat' dir='ltr'>Morel—Fatio</span> <span class='ocrx_word' id='word_1_388' title='bbox 1837 3061 1854 3079; x_wconf 87' lang='lat'>«</span> <span class='ocrx_word' id='word_1_389' title='bbox 1875 3051 2171 3090; x_wconf 84' lang='lat' dir='ltr'>Historiographic</span> <span class='ocrx_word' id='word_1_390' title='bbox 2200 3053 2241 3082; x_wconf 79' lang='lat' dir='ltr'>dc</span> 
     </span>
     <span class='ocr_line' id='line_1_38' title="bbox 187 3089 1518 3134; baseline 0.002 -12"><span class='ocrx_word' id='word_1_391' title='bbox 187 3091 464 3131; x_wconf 76' lang='lat' dir='ltr'>Charles-Quint‚</span> <span class='ocrx_word' id='word_1_392' title='bbox 483 3089 654 3120; x_wconf 76' lang='lat' dir='ltr'>Premiere</span> <span class='ocrx_word' id='word_1_393' title='bbox 678 3091 817 3128; x_wconf 85' lang='lat' dir='ltr'>partie»</span> <span class='ocrx_word' id='word_1_394' title='bbox 840 3091 961 3129; x_wconf 83' lang='lat' dir='ltr'>(Paris,</span> <span class='ocrx_word' id='word_1_395' title='bbox 987 3091 1195 3130; x_wconf 86' lang='lat' dir='ltr'>Champion‚</span> <span class='ocrx_word' id='word_1_396' title='bbox 1224 3093 1327 3133; x_wconf 85' lang='lat'>1913),</span> <span class='ocrx_word' id='word_1_397' title='bbox 1353 3104 1386 3133; x_wconf 92' lang='lat' dir='ltr'>p.</span> <span class='ocrx_word' id='word_1_398' title='bbox 1413 3096 1518 3134; x_wconf 78' lang='lat'>79-86.</span> 
     </span>
    </p>

    <p class='ocr_par' dir='ltr' id='par_1_11' title="bbox 189 3138 2239 3230">
     <span class='ocr_line' id='line_1_39' title="bbox 273 3138 2239 3184; baseline 0.004 -16"><span class='ocrx_word' id='word_1_399' title='bbox 273 3150 302 3170; x_wconf 81' lang='lat'>2.</span> <span class='ocrx_word' id='word_1_400' title='bbox 326 3138 410 3168; x_wconf 80' lang='lat' dir='ltr'>Vide</span> <span class='ocrx_word' id='word_1_401' title='bbox 426 3138 525 3167; x_wconf 88' lang='lat' dir='ltr'>uerbi</span> <span class='ocrx_word' id='word_1_402' title='bbox 543 3138 651 3175; x_wconf 88' lang='lat' dir='ltr'>gratia</span> <span class='ocrx_word' id='word_1_403' title='bbox 668 3148 685 3165; x_wconf 90' lang='lat'>«</span> <span class='ocrx_word' id='word_1_404' title='bbox 700 3138 850 3167; x_wconf 86' lang='lat' dir='ltr'>Historia</span> <span class='ocrx_word' id='word_1_405' title='bbox 868 3139 1007 3175; x_wconf 86' lang='lat' dir='ltr'>general</span> <span class='ocrx_word' id='word_1_406' title='bbox 1025 3140 1066 3168; x_wconf 92' lang='lat' dir='ltr'>de</span> <span class='ocrx_word' id='word_1_407' title='bbox 1084 3140 1214 3178; x_wconf 76' lang='lat' dir='ltr'>Espai&#39;ia</span> <span class='ocrx_word' id='word_1_408' title='bbox 1232 3152 1248 3169; x_wconf 89' lang='lat'>»</span> <span class='ocrx_word' id='word_1_409' title='bbox 1265 3150 1282 3170; x_wconf 89' lang='lat' dir='ltr'>a</span> <span class='ocrx_word' id='word_1_410' title='bbox 1301 3142 1451 3172; x_wconf 81' lang='lat' dir='ltr'>Modesto</span> <span class='ocrx_word' id='word_1_411' title='bbox 1465 3143 1630 3173; x_wconf 83' lang='lat' dir='ltr'>Lafuentc</span> <span class='ocrx_word' id='word_1_412' title='bbox 1648 3145 1822 3183; x_wconf 76' lang='lat' dir='ltr'>scriptam,</span> <span class='ocrx_word' id='word_1_413' title='bbox 1841 3148 1937 3184; x_wconf 88' lang='lat' dir='ltr'>parte</span> <span class='ocrx_word' id='word_1_414' title='bbox 1954 3147 2011 3181; x_wconf 92' lang='lat' dir='ltr'>lll,</span> <span class='ocrx_word' id='word_1_415' title='bbox 2030 3147 2052 3175; x_wconf 94' lang='grc'>1.</span> <span class='ocrx_word' id='word_1_416' title='bbox 2074 3147 2082 3175; x_wconf 91' lang='lat' dir='ltr'>l</span> <span class='ocrx_word' id='word_1_417' title='bbox 2106 3156 2134 3175; x_wconf 83' lang='lat' dir='ltr'>c.</span> <span class='ocrx_word' id='word_1_418' title='bbox 2160 3148 2215 3176; x_wconf 73' lang='lat' dir='ltr'>xl!</span> <span class='ocrx_word' id='word_1_419' title='bbox 2234 3156 2239 3176; x_wconf 85' lang='grc'>;</span> 
     </span>
     <span class='ocr_line' id='line_1_40' title="bbox 189 3185 2238 3230; baseline 0.003 -14"><span class='ocrx_word' id='word_1_420' title='bbox 189 3187 271 3216; x_wconf 88' lang='lat' dir='ltr'>uide</span> <span class='ocrx_word' id='word_1_421' title='bbox 287 3185 489 3224; x_wconf 88' lang='lat' dir='ltr'>praesertim</span> <span class='ocrx_word' id='word_1_422' title='bbox 513 3185 699 3222; x_wconf 82' lang='lat' dir='ltr'>epistulam</span> <span class='ocrx_word' id='word_1_423' title='bbox 728 3194 836 3222; x_wconf 89' lang='lat' dir='ltr'>quam</span> <span class='ocrx_word' id='word_1_424' title='bbox 853 3186 950 3215; x_wconf 89' lang='lat' dir='ltr'>misit</span> <span class='ocrx_word' id='word_1_425' title='bbox 972 3185 1115 3216; x_wconf 85' lang='lat' dir='ltr'>Carolus</span> <span class='ocrx_word' id='word_1_426' title='bbox 1142 3187 1224 3224; x_wconf 85' lang='lat' dir='ltr'>Regi</span> <span class='ocrx_word' id='word_1_427' title='bbox 1251 3189 1470 3227; x_wconf 81' lang='lat' dir='ltr'>portugaliae</span> <span class='ocrx_word' id='word_1_428' title='bbox 1498 3191 1538 3219; x_wconf 92' lang='lat' dir='ltr'>lV</span> <span class='ocrx_word' id='word_1_429' title='bbox 1564 3194 1642 3221; x_wconf 85' lang='lat' dir='ltr'>ante</span> <span class='ocrx_word' id='word_1_430' title='bbox 1671 3201 1779 3221; x_wconf 86' lang='lat' dir='ltr'>nonas</span> <span class='ocrx_word' id='word_1_431' title='bbox 1805 3196 1967 3230; x_wconf 79' lang='lat' dir='ltr'>augustas</span> <span class='ocrx_word' id='word_1_432' title='bbox 1994 3194 2176 3223; x_wconf 67' lang='lat' dir='ltr'>Mlixxvu</span> <span class='ocrx_word' id='word_1_433' title='bbox 2206 3195 2238 3222; x_wconf 78' lang='grc'>111</span> 
     </span>
    </p>
   </div>
   <div class='ocr_carea' id='block_1_11' title="bbox 190 3232 2242 3311">
    <p class='ocr_par' dir='ltr' id='par_1_12' title="bbox 190 3232 2242 3311">
     <span class='ocr_line' id='line_1_41' title="bbox 190 3232 2242 3279; baseline 0.003 -16"><span class='ocrx_word' id='word_1_434' title='bbox 190 3244 208 3263; x_wconf 92' lang='lat'>«</span> <span class='ocrx_word' id='word_1_435' title='bbox 225 3233 407 3263; x_wconf 83' lang='lat' dir='ltr'>Memorias</span> <span class='ocrx_word' id='word_1_436' title='bbox 428 3241 511 3270; x_wconf 85' lang='lat' dir='ltr'>para</span> <span class='ocrx_word' id='word_1_437' title='bbox 538 3232 569 3261; x_wconf 88' lang='lat' dir='ltr'>la</span> <span class='ocrx_word' id='word_1_438' title='bbox 594 3232 739 3262; x_wconf 88' lang='lat' dir='ltr'>historia</span> <span class='ocrx_word' id='word_1_439' title='bbox 764 3232 820 3262; x_wconf 87' lang='lat' dir='ltr'>del</span> <span class='ocrx_word' id='word_1_440' title='bbox 845 3233 952 3262; x_wconf 89' lang='lat' dir='ltr'>asalto</span> <span class='ocrx_word' id='word_1_441' title='bbox 975 3242 993 3270; x_wconf 80' lang='lat' dir='ltr'>y</span> <span class='ocrx_word' id='word_1_442' title='bbox 1016 3242 1145 3271; x_wconf 88' lang='lat' dir='ltr'>saqueo</span> <span class='ocrx_word' id='word_1_443' title='bbox 1170 3235 1212 3264; x_wconf 88' lang='lat' dir='ltr'>de</span> <span class='ocrx_word' id='word_1_444' title='bbox 1238 3235 1345 3265; x_wconf 84' lang='lat' dir='ltr'>Roma</span> <span class='ocrx_word' id='word_1_445' title='bbox 1359 3245 1387 3273; x_wconf 72' lang='grc' dir='ltr'>ι,</span> <span class='ocrx_word' id='word_1_446' title='bbox 1410 3246 1499 3275; x_wconf 87' lang='lat' dir='ltr'>quas</span> <span class='ocrx_word' id='word_1_447' title='bbox 1523 3239 1698 3268; x_wconf 75' lang='lat' dir='ltr'>Antonius</span> <span class='ocrx_word' id='word_1_448' title='bbox 1723 3239 1915 3278; x_wconf 83' lang='lat' dir='ltr'>Rodriguez</span> <span class='ocrx_word' id='word_1_449' title='bbox 1940 3241 2026 3270; x_wconf 77' lang='lat' dir='ltr'>Villa</span> <span class='ocrx_word' id='word_1_450' title='bbox 2049 3242 2242 3279; x_wconf 83' lang='lat' dir='ltr'>publicauit</span> 
     </span>
     <span class='ocr_line' id='line_1_42' title="bbox 191 3279 720 3311; baseline -0.006 0"><span class='ocrx_word' id='word_1_451' title='bbox 191 3280 321 3311; x_wconf 89' lang='lat' dir='ltr'>Matriti</span> <span class='ocrx_word' id='word_1_452' title='bbox 339 3289 430 3310; x_wconf 87' lang='lat' dir='ltr'>anno</span> <span class='ocrx_word' id='word_1_453' title='bbox 446 3279 720 3309; x_wconf 75' lang='lat' dir='ltr'>MDCCCLxxV.</span> 
     </span>
    </p>
   </div>
   <div class='ocr_carea' id='block_1_12' title="bbox 190 3326 2242 3608">
    <p class='ocr_par' dir='ltr' id='par_1_13' title="bbox 273 3326 1456 3369">
     <span class='ocr_line' id='line_1_43' title="bbox 273 3326 1456 3369; baseline 0.003 -11"><span class='ocrx_word' id='word_1_454' title='bbox 273 3328 302 3359; x_wconf 84' lang='lat'>3.</span> <span class='ocrx_word' id='word_1_455' title='bbox 327 3328 413 3357; x_wconf 89' lang='lat' dir='ltr'>Vide</span> <span class='ocrx_word' id='word_1_456' title='bbox 429 3327 595 3365; x_wconf 86' lang='lat' dir='ltr'>epistulas</span> <span class='ocrx_word' id='word_1_457' title='bbox 612 3326 783 3356; x_wconf 87' lang='lat' dir='ltr'>Francisci</span> <span class='ocrx_word' id='word_1_458' title='bbox 798 3327 841 3356; x_wconf 89' lang='lat' dir='ltr'>de</span> <span class='ocrx_word' id='word_1_459' title='bbox 856 3326 1002 3363; x_wconf 87' lang='lat' dir='ltr'>Salazar,</span> <span class='ocrx_word' id='word_1_460' title='bbox 1019 3336 1054 3365; x_wconf 89' lang='lat' dir='ltr'>p.</span> <span class='ocrx_word' id='word_1_461' title='bbox 1076 3330 1129 3360; x_wconf 64' lang='lat'>1512</span> <span class='ocrx_word' id='word_1_462' title='bbox 1148 3330 1262 3367; x_wconf 90' lang='lat' dir='ltr'>operis</span> <span class='ocrx_word' id='word_1_463' title='bbox 1278 3331 1456 3369; x_wconf 89' lang='lat' dir='ltr'>praedicti.</span> 
     </span>
    </p>

    <p class='ocr_par' dir='ltr' id='par_1_14' title="bbox 190 3373 2242 3608">
     <span class='ocr_line' id='line_1_44' title="bbox 274 3373 2238 3421; baseline 0.004 -17"><span class='ocrx_word' id='word_1_464' title='bbox 274 3378 302 3409; x_wconf 67' lang='grc' dir='ltr'>Δ.</span> <span class='ocrx_word' id='word_1_465' title='bbox 329 3385 346 3404; x_wconf 92' lang='lat'>«</span> <span class='ocrx_word' id='word_1_466' title='bbox 358 3375 441 3405; x_wconf 85' lang='lat' dir='ltr'>Bien</span> <span class='ocrx_word' id='word_1_467' title='bbox 457 3383 492 3404; x_wconf 89' lang='lat' dir='ltr'>es</span> <span class='ocrx_word' id='word_1_468' title='bbox 506 3373 633 3404; x_wconf 82' lang='lat' dir='ltr'>verdad</span> <span class='ocrx_word' id='word_1_469' title='bbox 646 3381 714 3412; x_wconf 89' lang='lat' dir='ltr'>que</span> <span class='ocrx_word' id='word_1_470' title='bbox 727 3382 836 3411; x_wconf 86' lang='lat' dir='ltr'>segun</span> <span class='ocrx_word' id='word_1_471' title='bbox 855 3374 904 3403; x_wconf 85' lang='lat' dir='ltr'>las</span> <span class='ocrx_word' id='word_1_472' title='bbox 920 3375 1099 3412; x_wconf 80' lang='lat' dir='ltr'>sospechas</span> <span class='ocrx_word' id='word_1_473' title='bbox 1115 3384 1184 3414; x_wconf 85' lang='lat' dir='ltr'>que</span> <span class='ocrx_word' id='word_1_474' title='bbox 1201 3378 1346 3408; x_wconf 89' lang='lat' dir='ltr'>muchos</span> <span class='ocrx_word' id='word_1_475' title='bbox 1362 3379 1512 3416; x_wconf 83' lang='lat' dir='ltr'>platican</span> <span class='ocrx_word' id='word_1_476' title='bbox 1530 3380 1624 3411; x_wconf 86' lang='lat' dir='ltr'>deste</span> <span class='ocrx_word' id='word_1_477' title='bbox 1639 3381 1730 3411; x_wconf 88' lang='lat' dir='ltr'>Juan</span> <span class='ocrx_word' id='word_1_478' title='bbox 1745 3382 1787 3412; x_wconf 88' lang='lat' dir='ltr'>de</span> <span class='ocrx_word' id='word_1_479' title='bbox 1805 3382 1942 3413; x_wconf 73' lang='lat' dir='ltr'>Viterbo</span> <span class='ocrx_word' id='word_1_480' title='bbox 1956 3392 1974 3421; x_wconf 73' lang='lat' dir='ltr'>y</span> <span class='ocrx_word' id='word_1_481' title='bbox 1991 3383 2031 3412; x_wconf 87' lang='lat' dir='ltr'>dc</span> <span class='ocrx_word' id='word_1_482' title='bbox 2052 3392 2088 3411; x_wconf 79' lang='lat' dir='ltr'>su</span> <span class='ocrx_word' id='word_1_483' title='bbox 2108 3384 2238 3416; x_wconf 68' lang='lat' dir='ltr'>Beroso.</span> 
     </span>
     <span class='ocr_line' id='line_1_45' title="bbox 191 3420 2242 3467; baseline 0.002 -14"><span class='ocrx_word' id='word_1_484' title='bbox 191 3433 233 3463; x_wconf 81' lang='lat' dir='ltr'>yo</span> <span class='ocrx_word' id='word_1_485' title='bbox 249 3423 402 3461; x_wconf 87' lang='lat' dir='ltr'>quisiera</span> <span class='ocrx_word' id='word_1_486' title='bbox 421 3423 516 3452; x_wconf 88' lang='lat' dir='ltr'>tener</span> <span class='ocrx_word' id='word_1_487' title='bbox 531 3430 574 3451; x_wconf 86' lang='lat' dir='ltr'>en</span> <span class='ocrx_word' id='word_1_488' title='bbox 590 3421 622 3450; x_wconf 87' lang='lat' dir='ltr'>la</span> <span class='ocrx_word' id='word_1_489' title='bbox 638 3420 788 3457; x_wconf 69' lang='lat' dir='ltr'>relacion</span> <span class='ocrx_word' id='word_1_490' title='bbox 805 3421 847 3450; x_wconf 86' lang='lat' dir='ltr'>de</span> <span class='ocrx_word' id='word_1_491' title='bbox 865 3422 999 3459; x_wconf 86' lang='lat' dir='ltr'>tienpos</span> <span class='ocrx_word' id='word_1_492' title='bbox 1016 3423 1074 3452; x_wconf 87' lang='lat' dir='ltr'>tan</span> <span class='ocrx_word' id='word_1_493' title='bbox 1098 3424 1272 3463; x_wconf 78' lang='lat' dir='ltr'>antiguos,</span> <span class='ocrx_word' id='word_1_494' title='bbox 1290 3425 1398 3462; x_wconf 83' lang='lat' dir='ltr'>aigun</span> <span class='ocrx_word' id='word_1_495' title='bbox 1415 3428 1516 3457; x_wconf 90' lang='lat' dir='ltr'>autor</span> <span class='ocrx_word' id='word_1_496' title='bbox 1532 3428 1574 3457; x_wconf 86' lang='lat' dir='ltr'>de</span> <span class='ocrx_word' id='word_1_497' title='bbox 1591 3437 1710 3458; x_wconf 86' lang='lat' dir='ltr'>menos</span> <span class='ocrx_word' id='word_1_498' title='bbox 1727 3430 2020 3467; x_wconf 80' lang='lat' dir='ltr'>ynconuenientes</span> <span class='ocrx_word' id='word_1_499' title='bbox 2035 3429 2052 3459; x_wconf 77' lang='lat' dir='ltr'>a</span> <span class='ocrx_word' id='word_1_500' title='bbox 2069 3430 2174 3467; x_wconf 80' lang='lat' dir='ltr'>quien</span> <span class='ocrx_word' id='word_1_501' title='bbox 2196 3430 2242 3458; x_wconf 86' lang='lat' dir='ltr'>si-</span> 
     </span>
     <span class='ocr_line' id='line_1_46' title="bbox 191 3468 2241 3515; baseline 0.002 -15"><span class='ocrx_word' id='word_1_502' title='bbox 191 3471 312 3509; x_wconf 86' lang='lat' dir='ltr'>guiera</span> <span class='ocrx_word' id='word_1_503' title='bbox 327 3479 333 3499; x_wconf 91' lang='lat'>:</span> <span class='ocrx_word' id='word_1_504' title='bbox 352 3478 425 3500; x_wconf 84' lang='lat' dir='ltr'>mas</span> <span class='ocrx_word' id='word_1_505' title='bbox 440 3469 506 3498; x_wconf 84' lang='lat' dir='ltr'>assi</span> <span class='ocrx_word' id='word_1_506' title='bbox 523 3476 658 3507; x_wconf 89' lang='lat' dir='ltr'>porque</span> <span class='ocrx_word' id='word_1_507' title='bbox 673 3476 719 3497; x_wconf 91' lang='lat' dir='ltr'>no</span> <span class='ocrx_word' id='word_1_508' title='bbox 737 3468 770 3498; x_wconf 92' lang='lat' dir='ltr'>lo</span> <span class='ocrx_word' id='word_1_509' title='bbox 786 3468 881 3498; x_wconf 89' lang='lat' dir='ltr'>hallo</span> <span class='ocrx_word' id='word_1_510' title='bbox 905 3477 1005 3498; x_wconf 89' lang='lat' dir='ltr'>como</span> <span class='ocrx_word' id='word_1_511' title='bbox 1022 3478 1085 3507; x_wconf 89' lang='lat' dir='ltr'>por</span> <span class='ocrx_word' id='word_1_512' title='bbox 1109 3473 1131 3508; x_wconf 75' lang='grc' dir='ltr'>(ῑ</span> <span class='ocrx_word' id='word_1_513' title='bbox 1155 3480 1213 3500; x_wconf 88' lang='lat' dir='ltr'>sus</span> <span class='ocrx_word' id='word_1_514' title='bbox 1238 3471 1399 3502; x_wconf 86' lang='lat' dir='ltr'>Cronicas</span> <span class='ocrx_word' id='word_1_515' title='bbox 1415 3482 1479 3503; x_wconf 85' lang='lat' dir='ltr'>van</span> <span class='ocrx_word' id='word_1_516' title='bbox 1504 3475 1674 3512; x_wconf 87' lang='lat' dir='ltr'>dirigidas</span> <span class='ocrx_word' id='word_1_517' title='bbox 1690 3475 1708 3506; x_wconf 80' lang='lat' dir='ltr'>a</span> <span class='ocrx_word' id='word_1_518' title='bbox 1725 3478 1781 3506; x_wconf 91' lang='lat' dir='ltr'>tan</span> <span class='ocrx_word' id='word_1_519' title='bbox 1797 3477 2034 3507; x_wconf 81' lang='lat' dir='ltr'>esclarescidos</span> <span class='ocrx_word' id='word_1_520' title='bbox 2056 3477 2241 3515; x_wconf 58' lang='lat' dir='ltr'>principes,</span> 
     </span>
     <span class='ocr_line' id='line_1_47' title="bbox 191 3515 2241 3562; baseline 0.003 -15"><span class='ocrx_word' id='word_1_521' title='bbox 191 3519 325 3557; x_wconf 89' lang='lat' dir='ltr'>quanto</span> <span class='ocrx_word' id='word_1_522' title='bbox 342 3518 468 3547; x_wconf 78' lang='lat' dir='ltr'>sueron</span> <span class='ocrx_word' id='word_1_523' title='bbox 483 3517 552 3546; x_wconf 91' lang='lat' dir='ltr'>don</span> <span class='ocrx_word' id='word_1_524' title='bbox 569 3515 750 3545; x_wconf 88' lang='lat' dir='ltr'>Fernando</span> <span class='ocrx_word' id='word_1_525' title='bbox 766 3524 786 3553; x_wconf 87' lang='lat' dir='ltr'>y</span> <span class='ocrx_word' id='word_1_526' title='bbox 803 3515 891 3545; x_wconf 79' lang='lat' dir='ltr'>dosia</span> <span class='ocrx_word' id='word_1_527' title='bbox 909 3516 1029 3546; x_wconf 84' lang='lat' dir='ltr'>Ysabel</span> <span class='ocrx_word' id='word_1_528' title='bbox 1047 3519 1205 3548; x_wconf 87' lang='lat' dir='ltr'>nuestros</span> <span class='ocrx_word' id='word_1_529' title='bbox 1221 3527 1316 3557; x_wconf 80' lang='lat' dir='ltr'>reyes</span> <span class='ocrx_word' id='word_1_530' title='bbox 1332 3528 1352 3557; x_wconf 80' lang='lat' dir='ltr'>y</span> <span class='ocrx_word' id='word_1_531' title='bbox 1377 3522 1513 3550; x_wconf 77' lang='lat' dir='ltr'>sefiorcs</span> <span class='ocrx_word' id='word_1_532' title='bbox 1529 3523 1721 3553; x_wconf 83' lang='lat' dir='ltr'>naturales:</span> <span class='ocrx_word' id='word_1_533' title='bbox 1749 3533 1932 3562; x_wconf 86' lang='lat' dir='ltr'>pornemos</span> <span class='ocrx_word' id='word_1_534' title='bbox 1956 3525 2038 3562; x_wconf 84' lang='lat' dir='ltr'>aqui</span> <span class='ocrx_word' id='word_1_535' title='bbox 2064 3524 2144 3553; x_wconf 70' lang='lat' dir='ltr'>todo</span> <span class='ocrx_word' id='word_1_536' title='bbox 2170 3524 2203 3553; x_wconf 91' lang='lat' dir='ltr'>lo</span> <span class='ocrx_word' id='word_1_537' title='bbox 2219 3526 2241 3561; x_wconf 69' lang='grc' dir='ltr'>(ἶ</span> 
     </span>
     <span class='ocr_line' id='line_1_48' title="bbox 190 3561 2241 3608; baseline 0.002 -13"><span class='ocrx_word' id='word_1_538' title='bbox 190 3566 222 3595; x_wconf 97' lang='grc'>01</span> <span class='ocrx_word' id='word_1_539' title='bbox 237 3566 363 3595; x_wconf 87' lang='lat' dir='ltr'>cuenta</span> <span class='ocrx_word' id='word_1_540' title='bbox 377 3563 652 3603; x_wconf 75' lang='lat' dir='ltr'>portenesciente</span> <span class='ocrx_word' id='word_1_541' title='bbox 667 3561 685 3592; x_wconf 75' lang='lat' dir='ltr'>a</span> <span class='ocrx_word' id='word_1_542' title='bbox 702 3562 752 3592; x_wconf 88' lang='lat' dir='ltr'>los</span> <span class='ocrx_word' id='word_1_543' title='bbox 768 3563 896 3593; x_wconf 86' lang='lat' dir='ltr'>hechos</span> <span class='ocrx_word' id='word_1_544' title='bbox 912 3563 955 3592; x_wconf 90' lang='lat' dir='ltr'>de</span> <span class='ocrx_word' id='word_1_545' title='bbox 972 3563 1116 3602; x_wconf 74' lang='lat' dir='ltr'>Espafia,</span> <span class='ocrx_word' id='word_1_546' title='bbox 1144 3573 1279 3603; x_wconf 89' lang='lat' dir='ltr'>porque</span> <span class='ocrx_word' id='word_1_547' title='bbox 1305 3566 1393 3596; x_wconf 86' lang='lat' dir='ltr'>nada</span> <span class='ocrx_word' id='word_1_548' title='bbox 1420 3576 1480 3597; x_wconf 92' lang='lat' dir='ltr'>nos</span> <span class='ocrx_word' id='word_1_549' title='bbox 1507 3568 1589 3598; x_wconf 82' lang='lat' dir='ltr'>salte</span> <span class='ocrx_word' id='word_1_550' title='bbox 1613 3569 1655 3599; x_wconf 87' lang='lat' dir='ltr'>de</span> <span class='ocrx_word' id='word_1_551' title='bbox 1670 3573 1803 3608; x_wconf 84' lang='lat' dir='ltr'>quanto</span> <span class='ocrx_word' id='word_1_552' title='bbox 1828 3572 1878 3600; x_wconf 78' lang='lat' dir='ltr'>los</span> <span class='ocrx_word' id='word_1_553' title='bbox 1895 3573 1984 3601; x_wconf 80' lang='lat' dir='ltr'>otros</span> <span class='ocrx_word' id='word_1_554' title='bbox 2001 3572 2209 3601; x_wconf 80' lang='lat' dir='ltr'>escriuieron</span> <span class='ocrx_word' id='word_1_555' title='bbox 2225 3582 2241 3597; x_wconf 86' lang='lat'>»</span> 
     </span>
    </p>
   </div>
   <div class='ocr_carea' id='block_1_13' title="bbox 190 3609 2241 3697">
    <p class='ocr_par' dir='ltr' id='par_1_15' title="bbox 190 3609 2241 3697">
     <span class='ocr_line' id='line_1_49' title="bbox 190 3609 2241 3656; baseline 0.002 -14"><span class='ocrx_word' id='word_1_556' title='bbox 190 3612 277 3648; x_wconf 92' lang='lat' dir='ltr'>(Lib.</span> <span class='ocrx_word' id='word_1_557' title='bbox 292 3612 318 3648; x_wconf 90' lang='lat' dir='ltr'>l,</span> <span class='ocrx_word' id='word_1_558' title='bbox 334 3620 408 3650; x_wconf 85' lang='lat' dir='ltr'>cap.</span> <span class='ocrx_word' id='word_1_559' title='bbox 426 3611 497 3650; x_wconf 93' lang='lat' dir='ltr'>IV).</span> <span class='ocrx_word' id='word_1_560' title='bbox 515 3610 621 3640; x_wconf 80' lang='lat' dir='ltr'>Addit</span> <span class='ocrx_word' id='word_1_561' title='bbox 636 3609 734 3639; x_wconf 87' lang='lat' dir='ltr'>aliud</span> <span class='ocrx_word' id='word_1_562' title='bbox 749 3611 1025 3647; x_wconf 85' lang='lat' dir='ltr'>argumentum:</span> <span class='ocrx_word' id='word_1_563' title='bbox 1049 3621 1066 3638; x_wconf 89' lang='lat'>«</span> <span class='ocrx_word' id='word_1_564' title='bbox 1079 3620 1162 3649; x_wconf 87' lang='lat' dir='ltr'>pero</span> <span class='ocrx_word' id='word_1_565' title='bbox 1180 3613 1292 3651; x_wconf 83' lang='lat' dir='ltr'>jamas</span> <span class='ocrx_word' id='word_1_566' title='bbox 1308 3613 1405 3643; x_wconf 89' lang='lat' dir='ltr'>hubo</span> <span class='ocrx_word' id='word_1_567' title='bbox 1422 3614 1511 3645; x_wconf 87' lang='lat' dir='ltr'>libro</span> <span class='ocrx_word' id='word_1_568' title='bbox 1535 3616 1570 3646; x_wconf 92' lang='lat' dir='ltr'>ni</span> <span class='ocrx_word' id='word_1_569' title='bbox 1593 3625 1670 3647; x_wconf 90' lang='lat' dir='ltr'>cosa</span> <span class='ocrx_word' id='word_1_570' title='bbox 1687 3625 1757 3655; x_wconf 90' lang='lat' dir='ltr'>que</span> <span class='ocrx_word' id='word_1_571' title='bbox 1773 3618 1884 3656; x_wconf 88' lang='lat' dir='ltr'>pueda</span> <span class='ocrx_word' id='word_1_572' title='bbox 1911 3618 2081 3648; x_wconf 76' lang='grc'><strong>5311513001</strong></span> <span class='ocrx_word' id='word_1_573' title='bbox 2105 3627 2123 3648; x_wconf 87' lang='grc'><strong>3</strong></span> <span class='ocrx_word' id='word_1_574' title='bbox 2149 3619 2241 3648; x_wconf 82' lang='lat' dir='ltr'>tanta</span> 
     </span>
     <span class='ocr_line' id='line_1_50' title="bbox 192 3657 1593 3697; baseline 0.001 -5"><span class='ocrx_word' id='word_1_575' title='bbox 192 3659 389 3692; x_wconf 78' lang='lat' dir='ltr'>diversidad</span> <span class='ocrx_word' id='word_1_576' title='bbox 404 3658 447 3689; x_wconf 89' lang='lat' dir='ltr'>de</span> <span class='ocrx_word' id='word_1_577' title='bbox 462 3666 638 3697; x_wconf 80' lang='lat' dir='ltr'>pareceres</span> <span class='ocrx_word' id='word_1_578' title='bbox 653 3667 673 3696; x_wconf 80' lang='lat' dir='ltr'>y</span> <span class='ocrx_word' id='word_1_579' title='bbox 689 3657 894 3688; x_wconf 80' lang='lat' dir='ltr'>voluntades</span> <span class='ocrx_word' id='word_1_580' title='bbox 910 3659 1058 3696; x_wconf 77' lang='lat' dir='ltr'>quantas</span> <span class='ocrx_word' id='word_1_581' title='bbox 1075 3667 1191 3690; x_wconf 82' lang='lat' dir='ltr'>vemos</span> <span class='ocrx_word' id='word_1_582' title='bbox 1207 3661 1305 3691; x_wconf 86' lang='lat' dir='ltr'>entre</span> <span class='ocrx_word' id='word_1_583' title='bbox 1321 3660 1371 3691; x_wconf 91' lang='lat' dir='ltr'>los</span> <span class='ocrx_word' id='word_1_584' title='bbox 1388 3661 1562 3694; x_wconf 83' lang='lat' dir='ltr'>hombres.</span> <span class='ocrx_word' id='word_1_585' title='bbox 1579 3677 1593 3689; x_wconf 66' lang='grc' dir='ltr'>υ</span> 
     </span>
    </p>
   </div>
   <div class='ocr_carea' id='block_1_14' title="bbox 2085 3747 2116 3765">
    <p class='ocr_par' dir='ltr' id='par_1_16' title="bbox 2085 3747 2116 3765">
     <span class='ocr_line' id='line_1_51' title="bbox 2085 3747 2116 3765; baseline 0 -1"><span class='ocrx_word' id='word_1_586' title='bbox 2085 3747 2116 3765; x_wconf 80' lang='lat' dir='ltr'>lO</span> 
     </span>
    </p>
   </div>
  </div>
 </body>
</html>
