2405 4009
196 250 243 292 46
723 262 820 294 Qun
852 260 896 285 rx
930 260 1037 286 mxv
1069 259 1247 286 sentens
1278 258 1406 284 uanis
1438 257 1705 284 PERCWMTVR

193 350 368 392 letatur
391 351 656 391 animarum
684 348 803 389 Deus
834 349 956 389 tilius
989 348 1184 389 almitlui
1205 359 1273 388 ¹...
1306 347 1354 388 in
1391 346 1510 387 libro
1540 345 1772 400 siquidem
1804 345 2060 387 illustrium
2083 359 2237 401 perso-

192 441 375 471 narum„
402 428 479 481 qui
506 431 571 466 cst
599 426 713 466 liber
735 425 790 465 de
821 425 1019 465 llistoria
1042 425 1265 465 canonica
1289 428 1329 464 et
1353 422 1479 464 civili
1511 421 1667 464 laudet
1695 426 1735 463 te
1765 421 1955 475 (Deum)
1977 422 2239 476 specialiter

189 508 396 544 creatura
432 501 685 542 rationalis.
722 501 771 542 ln
808 500 928 541 lihro
965 500 1196 555 siquidem
1234 499 1288 540 ‹lc
1320 498 1518 539 Historia
1551 496 1750 539 naturali
1782 497 1937 540 laudet
1965 502 2007 540 te
2029 502 2239 540 creatura

189 579 473 629 vegetabilis.
501 577 734 618 svnsibitis
759 582 799 619 ct
825 577 1128 617 insensibilis.
1161 576 1208 617 ln
1236 576 1354 616 libro
1378 579 1532 616 autem
1557 575 1689 628 cujus
1710 574 1872 616 titulus
1894 579 1984 617 cst:
2008 574 2238 617 Archivus

187 658 285 697 siue
326 656 588 696 :trinarium
629 655 966 707 scripturarum
1008 653 1161 693 laudet
1207 658 1246 694 tc
1281 653 1437 693 oinms
1467 655 1674 692 creatura
1706 651 1986 694 universalis
2025 651 2239 705 angelica

187 732 397 773 videlicet
421 736 461 772 01
485 731 641 773 retica.
674 730 963 772 cli-mentalis
987 734 1027 771 ct
1059 728 1346 781 vegetabilis.
1375 727 1609 769 sensibilis
1633 732 1675 769 ct
1700 727 1956 770 rationalis.
1987 728 2035 769 ln
2061 727 2238 782 prefato

184 811 309 850 cuim
343 809 477 850 libro.
504 809 583 862 qui
622 812 689 849 est
728 808 844 848 liber
883 807 1111 847 littrorum
1141 805 1368 846 erhivus
1408 805 1764 859 scripturarum,
1791 805 2040 847 continens
2073 816 2238 847 omnes

186 886 343 931 libros,
375 886 531 926 omnis
569 885 759 924 scicntia
788 889 827 924 ct
853 884 1008 925 omnis
1031 887 1239 923 creatura
1281 881 1500 923 notabilis
1537 881 1805 923 continetur
1834 879 2160 923 universaliter
2180 880 2238 922 ad

188 961 585 1012 magnificandum
610 961 754 1001 licum
780 974 1018 1000 summum
1044 963 1085 1000 ct
1112 959 1521 1013 permagnificum,
1548 962 1645 998 ct...

277 1039 467 1093 lixplirit
518 1038 690 1078 xxm·-
727 1037 843 1078 lihcr
885 1037 1084 1077 llistoric
1121 1036 1347 1077 canonice
1379 1039 1423 1076 01
1454 1035 1605 1076 civilis
1637 1035 1789 1077 editus
1821 1048 1845 1076 a
1886 1034 2022 1076 fratre
2062 1034 2238 1077 luanne

187 1116 332 1168 tigidii
359 1116 413 1155 ‹lv
437 1114 601 1155 ordine
618 1114 809 1154 fratrum
837 1113 1070 1154 Nlinorum
1092 1113 1280 1153 natione
1302 1112 1552 1166 Hispanus,
1579 1111 1634 1153 de
1655 1124 1797 1167 regno
1818 1111 2094 1164 Legionensi
2117 1114 2162 1153 et
2182 1109 2240 1152 de

184 1195 367 1234 civitate
392 1193 674 1232 Zauwronsi.
701 1204 790 1245 quc
814 1190 936 1244 apud
957 1191 1176 1244 antiquos
1202 1189 1287 1230 suit
1311 1189 1557 1230 Numantia
1583 1187 1830 1243 appellata.
1857 1188 1907 1228 ln
1933 1187 2053 1230 libro
2078 1191 2239 1230 nostro

186 1271 464 1311 Sermonum
490 1270 566 1322 qui
595 1267 729 1308 datur
753 1267 988 1320 copiosus,
1016 1266 1070 1306 ad
1095 1279 1288 1307 omnem
1315 1266 1556 1307 materiam
1585 1269 1628 1306 et
1658 1266 1705 1306 in
1734 1265 1854 1305 libro
1883 1264 2238 1307 Meditationum

181 1352 222 1388 ct
247 1348 523 1386 orationum
549 1344 751 1399 plurima
777 1344 1080 1384 inueniuntur
1097 1355 1186 1396 que
1213 1341 1380 1383 redunt
1403 1341 1805 1383 commendabiles
1824 1340 1994 1383 multas
2018 1353 2238 1396 personas

182 1424 431 1464 canonicas
476 1426 516 1463 ct
550 1420 723 1461 civiles.
765 1420 849 1460 l‘ro
887 1420 958 1460 his
997 1419 1219 1460 omnihus
1254 1418 1515 1460 mercedem
1548 1422 1740 1473 expecto
1763 1431 1788 1459 a
1811 1417 1906 1460 Deo
1943 1417 2173 1460 altissimo
2196 1421 2242 1460 et

181 1505 341 1541 eterno
365 1501 443 1553 qui
469 1512 606 1552 super
632 1498 749 1538 vires
776 1497 1019 1550 inspiravit
1045 1495 1249 1550 predicta
1273 1508 1412 1550 opera
1438 1495 1661 1537 inchoare
1685 1508 1793 1536 cum
1813 1494 1973 1536 multis
1994 1493 2170 1549 vigiliis
2195 1497 2241 1537 et

186 1578 323 1618 etiam
350 1588 646 1616 consumare.

274 1654 467 1707 Copiosv
491 1657 584 1693 csta
610 1653 718 1693 ohra
746 1665 853 1706 para
879 1665 961 1692 uso
985 1650 1057 1692 ‹lel
1085 1650 1164 1691 ll¹¹¹⁰
1191 1650 1362 1691 Florez.

1043 1762 1099 1804 M.
1139 1762 1188 1803 N.
1228 1761 1281 1804 D.
1319 1762 1401 1804 Z.»

243 1884 271 1925 1-1
298 1885 419 1924 nutis
443 1896 559 1937 quae
584 1883 681 1923 siue
707 1882 848 1923 latine
880 1881 977 1922 siue
1008 1881 1253 1935 hispanice
1281 1880 1424 1922 textui
1456 1879 1681 1921 Iohannis
1710 1878 1786 1921 uel
1818 1891 1843 1920 a
1872 1877 2082 1920 Iohanne
2114 1878 2235 1933 ipso,

183 1961 254 2003 uel
279 1961 334 2001 al)
359 1959 586 2002 υτὼίῇοκ,
605 1959 675 1999 uel
702 1972 724 1999 a
749 1958 940 1999 librario
965 1958 1215 1999 floreziano
1239 1957 1501 2012 adscriptae
1524 1960 1649 2007 sunt,
1666 1956 1778 1997 haec
1802 1953 2237 2010 deprehenduntur.

272 2037 332 2077 nc
368 2036 642 2091 apographo
671 2034 795 2089 quod
828 2035 884 2076 ab
915 2034 1126 2076 Ord‹'›fie7.
1155 2039 1395 2076 exaratum
1426 2038 1554 2088 patre
1584 2032 1739 2074 Fldrez
1770 2036 1964 2087 rogante
1993 2045 2016 2074 e
2045 2031 2239 2074 Zamora

182 2114 416 2155 Mati-itum
450 2113 724 2153 mandatum
758 2115 841 2162 est,
884 2111 973 2152 hoc
1006 2116 1185 2152 certum
1226 2111 1317 2152 iam
1352 2111 1689 2165 comperimus,
1726 2109 1911 2151 duobus
1949 2108 2088 2151 tomis
2118 2107 2239 2151 illud

177 2192 456 2232 constitisse.
486 2189 728 2231 Secundus
751 2202 773 2229 a
805 2188 955 2229 littera
977 2188 1007 2228 F
1037 2188 1161 2229 Libri
1187 2187 1450 2229 illustrium
1481 2200 1791 2242 personarum
1822 2185 2093 2241 incipiebat,
2119 2197 2239 2241 quae

179 2281 201 2308 a
228 2267 338 2307 solio
371 2268 444 2308 133Δ
474 2280 610 2308 uerso
635 2266 809 2307 codicis
835 2264 906 2305 Md
928 2265 1185 2306 inuenitur.
1214 2264 1450 2305 Archiuus
1473 2268 1631 2306 autern
1656 2264 1793 2306 initio
1817 2263 1959 2318 primi
1983 2263 2100 2305 tomi
2123 2265 2235 2305 erat.

271 2344 331 2385 De
365 2343 616 2385 (lodicibus
645 2341 995 2383 zamorensibus
1022 2355 1044 2383 e
1074 2342 1246 2396 quibus
1270 2341 1580 2396 apographon
1613 2355 1752 2383 suum
1783 2339 1994 2382 Orddstez
2023 2339 2235 2396 extraxit,

182 2422 269 2462 hoc.
311 2422 517 2475 primum
560 2421 797 2462 nouimus.
843 2419 879 2459 si
922 2432 1015 2459 non
1056 2418 1113 2459 31)
1154 2418 1362 2460 iohanne
1397 2419 1501 2473 ipso
1530 2430 1580 2460 ea
1618 2418 1760 2459 fuisse
1789 2421 1990 2470 exarata,
2016 2417 2080 2459 ita
2117 2420 2238 2460 certe

178 2498 518 2538 existimauisse
540 2496 809 2537 Michaelem
830 2494 1188 2537 Ord‹'›1‘1ez.Nam
1208 2495 1353 2536 codex
1365 2494 1440 2536 Md
1461 2495 1557 2536 imo
1578 2494 1690 2536 10110
1703 2495 1757 2550 93
1777 2507 1914 2536 uerso
1935 2494 2058 2536 hanc
2075 2496 2237 2536 notam
2274 2529 2278 2533 .

179 2574 316 2615 hahet
341 2588 348 2613 ;
381 2592 397 2609 «ι
419 2574 483 2614 Ad
510 2573 771 2626 marginem
795 2586 848 2613 cx
875 2585 956 2613 sua
981 2572 1111 2613 litera
1135 2572 1249 2613 dicit
1271 2575 1433 2613 auctor
1457 2585 1464 2612 :
1493 2571 1642 2613 suerat
1665 2571 1900 2626 siquidem
1919 2575 1962 2613 et
1984 2571 2083 2626 ipse
2100 2570 2240 2613 frater

180 2651 411 2691 Antonius
451 2651 604 2704 primo
642 2663 692 2690 ex
741 2649 982 2703 provincia
1028 2648 1242 2699 Castelle,
1290 2648 1369 2689 sed
1409 2652 1514 2703 post
1556 2648 1805 2689 translatus
1843 2647 1900 2689 ad
1942 2647 2237 2703 provinciam

179 2729 221 2768 S.
248 2728 424 2768 Jacohi.
454 2744 469 2762 n
503 2726 627 2777 Quae
653 2730 762 2767 nota
781 2726 826 2765 in
854 2725 925 2765 Md
954 2738 1096 2766 manu
1127 2725 1290 2767 eadem
1320 2738 1372 2766 ac
1402 2728 1550 2766 textus
1580 2729 1763 2767 exarata
1793 2729 1837 2767 et
1858 2737 1881 2766 e
1909 2724 2069 2766 codice
2100 2723 2238 2767 ordo-

178 2805 388 2846 nicziano
429 2803 576 2844 solida
608 2803 884 2856 transcripta
914 2806 995 2842 est.
1034 2801 1151 2854 Ergo
1187 2802 1264 2843 hic
1299 2801 1500 2843 habebat
1531 2802 1579 2842 in
1611 2802 1831 2843 manibus
1862 2801 1937 2843 uel
1978 2801 2149 2843 habere
2189 2813 2236 2844 se

175 2880 469 2923 existimabat
492 2878 676 2920 codices
699 2879 755 2919 ab
782 2878 990 2920 Iohanne
1015 2878 1116 2932 ipso
1138 2882 1365 2920 exaratos.

265 2958 438 2999 Passim
484 2961 639 2997 autem
690 2956 909 3009 leguntur
957 2958 1092 2996 notae
1136 2967 1190 2996 ex
1234 2955 1405 3009 quibus
1459 2954 1616 3009 plures
1670 2954 1892 2997 articulos
1945 2954 2144 2998 infectos
2191 2957 2238 2997 et

178 3034 335 3075 locum
368 3032 424 3074 ad
460 3046 537 3073 cos
573 3036 730 3085 postea
766 3030 1041 3072 scribendos
1075 3031 1132 3071 ab
1166 3030 1377 3072 Iohanne
1411 3032 1513 3085 ipso
1545 3044 1643 3073 esse
1677 3030 1894 3072 relictum
1926 3030 2231 3085 intellegitur.

181 3110 292 3151 Nam
333 3109 445 3150 solio
487 3109 540 3163 95
581 3113 705 3149 recto
742 3108 973 3161 legimus:
1020 3105 1168 3149 «Non
1209 3107 1336 3149 aliud
1375 3107 1431 3149 de
1471 3108 1561 3150 hoc
1601 3107 1808 3149 Antonio
1847 3107 1924 3149 hic
1962 3107 2135 3149 dicitur
2177 3106 2235 3148 ab

176 3190 379 3238 auctore,
409 3199 491 3227 nec
522 3184 647 3225 aliud
673 3186 719 3225 in
754 3183 969 3225 hocloco
1003 3184 1232 3238 reperitur
1264 3184 1354 3225 nisi
1380 3188 1519 3239 caput
1551 3185 1598 3225 in
1635 3184 1758 3236 albo,
1785 3184 1902 3226 sorte
1931 3184 1988 3226 ad
2018 3183 2236 3226 transcri—

178 3263 386 3305 bendum
434 3262 575 3315 hujus
614 3261 810 3303 historie
848 3261 1009 3311 tinem,
1051 3260 1178 3315 quod
1223 3273 1318 3302 non
1359 3260 1465 3302 fecit
1510 3273 1595 3303 nec
1638 3260 1857 3302 meminit
1899 3260 2044 3302 tinem
2091 3259 2234 3314 huJus

178 3341 349 3381 Antoni
385 3338 753 3380 Santarenensis.
782 3357 798 3374 ι»
842 3336 894 3378 Ε1
933 3340 1038 3391 post
1074 3336 1327 3378 articulum
1360 3337 1416 3379 de
1456 3337 1701 3379 Fernando
1740 3336 1850 3378 1110:
1894 3351 1912 3375 (ι
1942 3336 2025 3378 Hic
2062 3335 2236 3378 desinit

176 3416 423 3458 historiam
448 3419 604 3456 noster
627 3415 818 3468 Egidius
850 3413 1129 3468 reliquendo
1158 3414 1290 3468 quasi
1321 3414 1568 3457 dimidiam
1600 3404 1824 3469 paginam
1856 3412 1914 3455 ad
1948 3424 2235 3468 prosequen-

180 3493 313 3543 dum,
339 3492 465 3548 quod
490 3492 567 3533 hic
591 3505 685 3533 non
712 3491 833 3533 fecit.
859 3504 880 3531 D

269 3628 294 3646 ι,
321 3615 410 3647 llaec
426 3615 537 3645 oratio
553 3614 668 3645 diflert
692 3615 733 3645 ab
758 3614 818 3645 illa
835 3623 924 3653 quae
951 3613 1085 3645 litterae
1101 3614 1120 3644 Z
1140 3615 1173 3644 in
1191 3614 1280 3644 libro
1306 3614 1369 3645 hoc
1386 3616 1420 3645 et
1435 3615 1471 3645 in
1491 3615 1643 3645 Archino
1659 3614 1851 3654 praeposita
1868 3614 1928 3644 est.
1946 3612 1991 3644 Ea
2006 3611 2235 3644 concluditur

179 3666 271 3694 totus
289 3663 388 3694 Liber
404 3661 602 3693 illustrium
616 3670 856 3701 personarum.
