2405 4009
977 586 1355 678 praefatio.

225 1021 345 1065 Cum
367 1023 423 1064 de
445 1020 682 1064 historicis
706 1019 937 1075 hispanis,
963 1019 1044 1074 qui
1074 1019 1358 1061 duodecimo
1387 1021 1432 1059 et
1459 1018 1596 1059 tertio
1625 1016 1809 1058 decimo
1840 1016 2024 1057 saeculo
2053 1015 2195 1056 latine

137 1100 443 1154 scripserunt,
494 1099 801 1153 inquirerem,
856 1100 900 1138 et
952 1096 1008 1138 de
1057 1095 1268 1137 Iohanne
1318 1094 1499 1148 Aegidii
1548 1094 1819 1135 Zamorensi
1872 1092 2051 1147 aliquid
2100 1093 2192 1134 iam

138 1177 449 1231 collegissem,
493 1176 615 1217 circa
653 1188 834 1216 annum
872 1173 999 1214 MCM
1040 1174 1262 1227 magister
1300 1185 1432 1213 meus
1474 1171 1690 1212 Alfredus
1724 1170 2031 1212 Morel—Fatio
2072 1169 2196 1210 ultro

140 1253 258 1295 mihi
289 1257 441 1305 notas,
474 1266 589 1308 quas
618 1252 717 1306 ipse
751 1250 808 1292 de
840 1252 930 1292 hoc
963 1263 1132 1305 parum
1165 1250 1356 1302 cognito
1394 1249 1620 1302 scriptore
1652 1251 1964 1302 excerpserat,
1999 1246 2193 1287 obtulit:

139 1330 261 1383 Quas
285 1343 380 1371 non
404 1329 589 1384 puduit,
616 1329 776 1380 fateor,
800 1328 1025 1382 accipere,
1057 1340 1166 1368 cum
1189 1327 1254 1367 eis
1276 1329 1328 1366 ut
1350 1329 1576 1380 tanquam
1600 1325 1715 1366 meis
1739 1329 1893 1365 uterer
1911 1323 2197 1364 amicissime

137 1407 367 1458 suaderet,
393 1406 442 1448 in
463 1406 776 1461 exquisitione
800 1418 942 1460 quam
967 1417 1281 1458 susceperam,
1307 1406 1350 1444 et
1372 1402 1571 1444 eandem
1591 1402 1690 1456 ipse
1711 1402 1747 1442 si
1767 1415 1863 1442 non
1887 1401 2195 1455 desperatam,

139 1487 262 1526 certe
284 1487 335 1525 ut
361 1484 609 1538 ingratam,
636 1482 808 1536 uiginti
833 1495 983 1523 annos
1006 1481 1181 1522 abhinc
1206 1479 1534 1534 dereliquisset
1557 1479 1796 1520 infectam.
1817 1478 2019 1519 Tantum
2043 1481 2197 1518 autem

142 1561 386 1603 materiam
409 1559 696 1611 contulerat3
723 1572 834 1600 nam
863 1562 907 1600 et
930 1558 1190 1612 fragmenta
1217 1570 1272 1599 ex
1301 1555 1526 1609 catalogis
1552 1554 1702 1597 Lucae
1731 1555 1987 1609 Wadding,
2019 1553 2197 1595 Nicolai

142 1638 360 1690 Antonio,
396 1637 624 1679 Iohannis
656 1636 712 1677 de
746 1635 835 1677 San
871 1636 1094 1686 Antonio,
1129 1638 1237 1686 etc.,
1278 1633 1355 1675 uel
1389 1632 1523 1674 libris
1562 1632 1800 1674 Ambrosii
1830 1631 1885 1672 de
1924 1630 2120 1672 Morales
2158 1634 2202 1671 et

142 1714 332 1757 Henrici
366 1713 540 1765 Flora,
571 1717 616 1755 et
647 1711 871 1767 epistulas
904 1712 1168 1753 amicorum
1199 1724 1393 1758 suorum
1419 1710 1732 1764 hispanorum
1762 1709 1817 1750 de
1849 1707 2197 1762 exemplaribus

143 1792 374 1846 hispanis,
408 1795 452 1833 et
481 1794 614 1832 notas
646 1789 701 1830 de
731 1802 785 1830 eo
816 1788 941 1843 quod
972 1789 1018 1829 in
1053 1786 1445 1829 escorialensibus
1477 1786 1927 1840 matritensibusque
1959 1784 2201 1826 codicibus

141 1870 426 1920 continetur,
447 1872 491 1909 et
508 1867 781 1923 apographa
801 1866 933 1920 plura
954 1865 1145 1920 propria
1159 1878 1303 1905 manu
1316 1864 1568 1917 diligenter
1581 1863 1811 1917 descripta
1829 1865 2198 1916 comparauerat.

144 1945 269 1998 Quae
311 1946 472 1987 omnia
520 1945 655 1986 rudia
704 1945 914 2000 quidem,
965 1944 1058 1984 iam
1107 1947 1264 1983 tamen
1315 1941 1627 1995 amplissima,
1673 1953 1826 1994 neque
1879 1940 1928 1980 in
1979 1939 2195 1980 ordinem

142 2023 398 2076 redegerat,
432 2035 517 2064 nec
541 2022 802 2077 quidquam
826 2021 1087 2074 disceptare
1117 2018 1440 2060 inchoauerat.

232 2100 394 2141 Irritus
419 2112 755 2154 permansurus
785 2103 883 2139 erat
907 2101 1063 2138 tantus
1087 2096 1221 2138 labor
1244 2095 1336 2136 nisi
1364 2095 1470 2149 quis
1498 2093 1714 2148 lampade
1743 2097 1930 2148 accepta
1955 2092 2201 2146 multiplex

144 2177 263 2219 illud
285 2190 404 2232 opus
431 2176 711 2231 exploraret.
739 2174 872 2227 Quod
892 2174 1039 2215 nimia
1058 2173 1246 2224 fiducia,
1268 2173 1467 2213 minima
1488 2171 1698 2222 scientia,
1720 2175 1764 2212 at
1782 2170 2024 2224 patientia,
2045 2169 2200 2220 credo,

145 2268 242 2297 non
266 2253 509 2303 mediocri,
535 2253 728 2305 tentaui,
756 2265 814 2293 ne
838 2252 886 2292 in
911 2251 1028 2293 serie
1051 2249 1389 2292 historicorum
1414 2248 1720 2303 antiquorum
1744 2247 2057 2301 hispanorum
2079 2260 2203 2287 unus

143 2332 453 2383 omitteretur,
480 2343 575 2372 non
600 2329 798 2371 omnino
821 2327 1169 2382 despiciendus.

235 2406 354 2451 Cum
396 2407 494 2461 illa,
541 2410 794 2461 antequam
847 2406 1124 2459 inciperem,
1191 2402 1407 2454 dicenda,
1469 2406 1568 2444 tum
1627 2402 1770 2444 etiam
1823 2401 2044 2455 deinceps
2099 2400 2204 2455 quis

145 2484 577 2527 subministrauerit
607 2496 659 2525 ea
691 2495 810 2537 quae
849 2482 945 2523 suis
985 2480 1155 2523 tabulis
1193 2479 1409 2521 Alfredus
1447 2478 1752 2520 Morel-Fatio
1793 2478 2110 2532 consignauit‚
2154 2481 2205 2518 ut

146 2563 315 2618 cuique
338 2574 478 2603 suum
501 2561 802 2611 tribueretur,
824 2559 1175 2613 designandum
1200 2557 1320 2598 mihi
1343 2557 1503 2598 uisum
1526 2560 1610 2608 est,
1635 2559 1937 2610 praeceptum
1962 2554 2205 2596 recordato

819 2689 870 2724 Ne
896 2688 1053 2733 gloriari
1079 2688 1198 2723 libeat
1223 2686 1357 2722 alienis
1376 2686 1501 2720 bonis.

334 3084 572 3139 ssurhiqulat,
605 3084 731 3138 Ῑβτίὸίε
761 3083 854 3126 fiat.
887 3083 1066 3126 &Um-tias
1096 3082 1496 3126 mmmmmmxlll.
