2405 4009
477 241 714 268 TRACTATVS
744 241 794 267 DE
824 240 1166 273 ANTIQUITATIBVS
1195 238 1411 265 HISPANIAE
1442 239 1492 264 AB
1521 238 1686 264 OCAMPO
1716 238 1947 264 ALLEGATVS
2186 228 2234 278 (J'J

183 328 391 373 Antonio
423 327 536 372 dum
570 331 728 372 locum
760 334 1052 384 postremum
1083 329 1211 369 hunc
1251 327 1522 368 transcribit
1553 329 1719 381 <cetera
1753 341 1860 368 eum
1895 326 2133 380 sugerunt)
2177 342 2235 368 an

183 407 303 450 illud
336 420 455 462 opus
488 407 544 449 de
575 420 669 461 quo
701 407 856 459 agitur
888 418 995 460 pars
1028 405 1184 458 aliqua
1218 404 1277 444 sit
1310 403 1435 443 Libri
1471 403 1526 444 de
1565 403 1832 444 praeconiis
1872 404 2124 458 Hispaniae
2161 405 2235 445 uel

181 483 311 526 Libri
334 484 390 525 de
408 483 647 525 Aetatibus
668 484 716 524 in
742 483 997 523 lusitanum
1015 480 1229 534 linguam
1248 492 1399 530 uersa,
1422 479 1645 533 anquirit.
1670 480 1719 519 In
1740 480 1877 521 Libro
1897 479 1952 521 (16
1973 481 2236 522 Praeconiis

182 560 435 615 Hispaniae
468 560 592 601 nihil
620 564 740 602 certe
772 559 898 614 quod
933 571 1042 599 cum
1077 557 1170 597 illis
1206 556 1356 598 tribus
1390 556 1505 597 10615
1542 561 1769 609 congruat
1808 557 1962 598 uideo.
2000 558 2151 599 Restat
2189 563 2238 600 ut

182 637 319 688 Liber
339 637 395 679 de
417 637 658 679 Aetatibus
682 637 757 678 1161
782 649 887 690 pars
917 636 1018 676 eius
1051 635 1110 675 sit
1142 634 1218 674 ille
1250 637 1469 683 tractatus
1500 633 1555 673 (16
1588 634 1957 686 Antiquitatibus
1990 634 2240 688 Hispaniae

184 714 277 756 nisi
301 726 420 767 opus
444 717 709 767 separatum
734 713 889 762 fuerit,
916 710 1043 765 quod
1068 723 1163 751 non
1187 710 1323 750 aliter
1346 710 1619 760 innotuerit.

271 790 505 842 Quoniam
521 793 676 831 autem
695 789 1016 843 suspicionem
1035 787 1161 828 dedit
1185 786 1391 841 Ocampo
1411 786 1663 838 mendacii,
1686 799 1837 840 neque
1857 786 1935 827 illa
1958 800 2065 828 eum
2089 788 2241 829 adhuc

183 868 436 923 quisquam
471 866 687 918 exsoluit,
719 866 774 908 de
808 869 1004 907 tractatu
1040 877 1181 919 quem
1212 864 1338 905 solus
1371 865 1558 905 nouerit
1588 865 1628 905 ei
1664 864 1916 904 affirmanti
1955 878 2049 905 non
2085 866 2239 906 statim

184 945 370 987 credere
393 944 515 986 11661.

272 1021 490 1063 Lusitane
531 1020 724 1075 quidem
762 1019 1005 1074 scripsisse
1046 1018 1253 1073 aliquem
1294 1022 1541 1060 tractatum
1581 1018 1842 1059 Iohannem
1885 1023 2099 1060 nostrum
2146 1033 2239 1060 non

181 1099 357 1140 infitias
380 1099 483 1150 ibit,
530 1099 567 1139 si
612 1098 718 1152 quis
760 1097 883 1138 hanc
926 1096 1189 1137 clausulam
1234 1109 1375 1150 quam
1417 1099 1652 1137 extremus
1699 1096 1834 1137 Liber
1876 1095 1932 1136 de
1977 1096 2242 1136 Praeconiis

184 1175 435 1229 Hispaniae
458 1174 597 1216 habet
620 1175 669 1214 in
695 1174 857 1215 codice
881 1174 1216 1228 antiquissimo
1240 1174 1448 1227 parisino
1473 1173 1503 1213 P
1522 1173 1648 1220 (uide
1664 1186 1708 1227 p.
1738 1174 1803 1227 19)
1827 1172 2238 1214 animaduerterit:

187 1268 206 1291 «
227 1253 429 1307 Explicit
446 1253 565 1293 liber
583 1251 638 1293 de
656 1252 893 1308 preconiis
916 1251 1147 1305 hyspanie
1163 1251 1219 1291 ad
1242 1251 1627 1292 informationem
1648 1251 1940 1304 principium
1960 1262 2242 1302 magnorum

184 1341 326 1384 quem
355 1329 504 1370 edidit
531 1328 670 1370 frater
700 1328 934 1369 Iohannes
965 1327 1109 1380 egidii
1141 1328 1360 1367 minister
1391 1327 1585 1367 fratrum
1618 1328 1861 1368 minorum
1885 1327 2189 1381 portugaliae.
2222 1344 2239 1365 υ

186 1405 312 1458 Quae
348 1409 459 1447 nota
496 1404 659 1447 eadem
695 1419 840 1446 manu
883 1418 934 1445 ac
972 1407 1140 1455 textus,
1192 1404 1347 1444 rubris
1387 1404 1553 1444 litteris
1591 1407 1772 1445 exarata
1810 1408 1893 1446 est.
1929 1404 2243 1456 Quamobrem

184 1496 350 1525 uereor
383 1496 442 1524 ne
477 1482 717 1536 Wadding
755 1487 799 1524 et
838 1482 928 1523 San
964 1482 1171 1522 Antonio
1211 1480 1473 1522 Iohannem
1518 1481 1575 1521 ad
1619 1481 1907 1523 Lusitaniam
1945 1481 2244 1536 prouinciam

185 1560 468 1616 pertinuisse
501 1572 749 1614 perperam
786 1564 972 1614 negent.
1020 1558 1143 1600 Dicit
1179 1558 1373 1613 quidem
1416 1557 1684 1611 Wadding:
1725 1575 1742 1597 «
1766 1558 1962 1600 Ioannes
2002 1558 2240 1612 Aegidius‚

188 1637 496 1689 Zamorensis,
548 1637 766 1692 prouinc.
823 1637 971 1678 sancti
1026 1636 1179 1677 Iacobi
1234 1635 1471 1687 alumnus,
1528 1649 1668 1690 quem
1722 1648 1966 1689 perperam
2017 1636 2235 1689 provinc.

185 1715 452 1756 Lusitaniae
478 1715 753 1756 ministrum
782 1714 962 1756 faciunt
991 1713 1224 1754 Vvillotus
1255 1710 1294 1754 ἃ
1325 1713 1621 1764 Possevinus,
1656 1726 1764 1753 cum
1797 1712 1882 1753 sub
1912 1712 2031 1753 illud
2061 1716 2245 1766 tempus

186 1792 435 1847 prouincia
458 1791 538 1833 illa
561 1791 716 1833 adhuc
739 1804 837 1833 non
861 1795 1051 1843 extaret,
1084 1791 1163 1832 sed
1194 1791 1356 1831 eadem
1386 1794 1505 1831 esset
1536 1803 1643 1831 cum
1677 1789 1758 1830 illa
1789 1789 1831 1831 S.
1868 1788 2039 1830 Iacobi.
2071 1805 2088 1827 »
2122 1788 2247 1830 Dicit

187 1873 344 1911 autem
401 1868 491 1910 San
541 1869 780 1911 Antonio:
829 1884 848 1907 «
880 1868 1080 1910 Ioannes
1130 1868 1370 1921 Aegidius,
1424 1867 1677 1921 Hispanus,
1731 1867 2025 1907 Zamorensis
2086 1866 2244 1921 (quern

186 1947 433 2002 perperam
465 1946 745 1988 Lusitanum
781 1946 890 1988 facit
925 1946 1154 2000 Georgius
1194 1945 1415 1996 Cardoso,
1448 1949 1562 1986 tom.
1597 1944 1620 1984 3
1653 1943 1887 1997 Agiologii
1926 1942 2133 1984 Lusitani
2171 1942 2246 1983 die

193 2038 242 2080 17
268 2023 413 2080 Iunii)
436 2023 711 2066 Provinciae
736 2023 779 2065 S.
808 2023 963 2065 Iacobi
981 2022 1203 2077 (minime
1227 2022 1513 2077 Lusitaniae)
1537 2022 1813 2063 alumnus.»

276 2101 509 2153 Attamen,
537 2101 575 2142 si
599 2114 695 2142 non
710 2101 957 2155 religionis
982 2101 1316 2151 franciscanae,
1344 2100 1561 2154 antiquae
1585 2103 1704 2141 certe
1728 2098 1981 2152 Hispaniae
1999 2098 2245 2151 prouincia

188 2178 444 2231 Lusitania,
471 2192 589 2234 quae
612 2192 933 2220 zamorensem
958 2179 1202 2231 regionem
1230 2177 1459 2232 capiebat,
1492 2175 1693 2229 intelligi
1726 2178 1877 2230 potest
1901 2189 1910 2225 ;
1942 2187 1994 2215 36
2028 2173 2246 2214 librarius

188 2269 356 2311 parum
380 2256 588 2310 prudens
612 2256 807 2298 forsitan
837 2256 942 2297 loco
966 2255 1232 2297 Lusitaniae
1263 2254 1599 2308 Portugalliam
1631 2253 1882 2307 scripserit,
1910 2265 2018 2292 cum
2048 2251 2248 2292 nesciret

188 2333 311 2375 hanc
335 2333 390 2375 ab
415 2333 497 2375 illa
521 2334 631 2374 satis
651 2333 853 2375 differre.

278 2410 519 2466 Quidquid
550 2411 599 2452 id
633 2415 716 2462 est,
749 2411 954 2453 lusitana
986 2411 1150 2464 lingua
1182 2423 1294 2450 usus
1327 2422 1426 2451 esse
1461 2407 1758 2449 familiariter
1790 2411 1833 2448 et
1871 2407 2012 2448 etiam
2046 2406 2247 2447 scribere

190 2488 344 2542 potuit
372 2488 411 2529 is
441 2501 582 2543 quem
612 2488 662 2528 in
693 2488 872 2543 oppido
903 2489 1095 2529 Zamora
1128 2491 1292 2528 natum
1325 2499 1423 2528 6556
1453 2486 1528 2527 1161
1559 2489 1679 2527 66116
1708 2485 1882 2525 uixisse
1911 2487 2106 2534 constet,
2139 2496 2247 2523 cum

189 2569 286 2607 tam
312 2578 458 2619 prope
487 2579 511 2606 a
541 2565 808 2619 Portugalia
839 2566 938 2607 eius
969 2566 1118 2619 patria
1147 2564 1299 2606 fuerit.
1335 2563 1554 2605 Ceterum
1585 2562 1700 2617 quid
1726 2562 1866 2603 fuerit
1898 2565 2010 2602 tunc
2046 2560 2245 2601 lusitana

188 2641 368 2697 lingua,
389 2643 506 2697 quid
529 2643 795 2684 interfuerit
818 2643 941 2684 inter
964 2642 1095 2683 illam
1119 2645 1162 2683 et
1183 2655 1234 2683 ea
1258 2655 1348 2696 qua
1372 2641 1672 2682 Ζ311101611565
1695 2640 1832 2680 tertio
1856 2638 2039 2680 decimo
2063 2636 2246 2678 53661116

187 2719 456 2771 utebantur,
482 2721 588 2775 quis
611 2720 868 2774 disceptare
892 2720 1054 2774 possit,
1082 2732 1190 2760 cum
1213 2718 1532 2773 antiquissimi
1551 2717 1733 2758 codices
1753 2717 1800 2756 in
1821 2716 1992 2770 quibus
2007 2715 2249 2756 inuenitur

193 2812 213 2836 «
244 2796 422 2838 Estoria
459 2797 648 2851 general
690 2797 745 2839 de
790 2797 1014 2851 Espasia»
1067 2809 1210 2851 quam
1257 2796 1314 2837 ab
1358 2795 1603 2849 Alphonso
1649 2794 1704 2834 X⁰
1744 2794 1874 2834 aiunt
1918 2792 2242 2846 compositam,

189 2874 504 2928 peritissimus
542 2874 741 2929 quisque
776 2875 859 2915 uix
897 2874 1079 2925 audeat,
1121 2877 1282 2915 utrum
1324 2872 1529 2914 lusitana
1567 2885 1625 2912 an
1659 2870 1858 2913 63113663
1891 2870 2052 2923 lingua
2086 2869 2243 2922 scripti

192 2952 302 3002 sint,
326 2951 547 3006 expedire
569 2952 601 2993 ¹.

281 3028 498 3070 Potuitne
551 3028 770 3071 Floriano
828 3029 1029 3070 lusitane
1084 3029 1315 3083 scriptum
1374 3027 1527 3068 uideri
1588 3026 1633 3066 id
1690 3025 1817 3080 quod
1877 3036 2094 3066 sermone
2152 3035 2246 3077 (1110

192 3106 495 3147 Ζ311101611565
526 3106 564 3146 51
598 3118 694 3147 11011
723 3106 912 3157 urbani,
939 3105 1102 3147 rustici
1136 3110 1274 3158 certe,
1315 3104 1488 3145 abhinc
1519 3105 1762 3144 sexcentos
1794 3115 1943 3143 annos
1974 3101 2243 3149 utebantur,

195 3195 347 3237 neque
381 3195 667 3237 magnopere
697 3196 721 3223 a
749 3183 957 3224 lusitano
988 3195 1097 3224 sane
1130 3168 1319 3224 diuerso
1349 3195 1433 3223 nec
1465 3185 1620 3222 tamen
1651 3179 1850 3221 omnino
1882 3177 2045 3228 simili,
2081 3177 2246 3217 litteris

191 3260 525 3313 consignatum
558 3260 705 3301 esset?
738 3259 894 3301 Potuit
925 3260 1088 3314 utique
1118 3272 1215 3300 non
1240 3273 1264 3299 a
1288 3258 1498 3300 Iohanne
1524 3258 1741 3308 lusitane,
1766 3256 1843 3297 uel
1873 3268 2059 3310 quaqua
2084 3254 2244 3306 lingua

192 3337 421 3391 scriptum
446 3335 549 3388 fuit,
576 3335 695 3377 illud
718 3349 837 3390 opus
861 3336 1101 3390 componi,
1131 3336 1210 3377 sed
1234 3336 1285 3376 in
1308 3349 1410 3377 eam
1434 3335 1649 3387 linguam
1673 3333 1895 3388 deinceps
1921 3332 2176 3373 transferri.

282 3413 501 3455 Ceterum
551 3413 736 3455 duobus
787 3413 1038 3467 postremis
1085 3412 1202 3454 locis
1246 3414 1296 3453 in
1338 3412 1512 3466 quibus
1562 3411 1768 3465 Ocampo
1812 3410 2073 3452 Iohannem
2119 3408 2242 3458 citat,

280 3578 306 3596 1.
325 3567 373 3596 De
394 3567 526 3604 quibus
545 3566 628 3596 uide
652 3565 783 3596 11311103
806 3564 988 3595 Menendez
1007 3564 1101 3595 Pidal
1125 3564 1312 3602 «Catalogo
1332 3565 1374 3594 de
1396 3565 1426 3593 la
1441 3564 1518 3593 Real
1540 3563 1725 3593 Biblioteca
1739 3559 2158 3599 1013111111,,ΧΙΙἸΟΕΩΧΩΧ
2174 3558 2247 3594 111),

194 3623 227 3652 p.
246 3614 278 3652 8,
292 3614 326 3644 et.
346 3624 363 3642 «
382 3614 425 3643 La
436 3614 581 3652 leyenda
597 3614 639 3643 de
657 3614 706 3643 los
722 3613 875 3643 Infantes
891 3613 932 3643 de
944 3613 1027 3642 Lara
1044 3623 1074 3648 »‚
1089 3622 1120 3651 p.
1136 3612 1288 3649 385-3553
1306 3612 1395 3641 Leite
1411 3611 1452 3641 de
1466 3610 1716 3640 Vasconccttos.
1734 3620 1751 3638 «
1763 3611 1885 3639 Textos
1903 3609 2098 3637 archaicos»
2115 3610 2160 3638 (2¹
2177 3604 2244 3639 ed..

196 3661 327 3700 Lisb0a‚
352 3661 454 3701 1908),
472 3670 506 3699 p.
523 3661 572 3694 [03.
