2405 4009
225 283 275 320 60
755 293 853 326 Qun
882 293 930 320 Εἰ
962 294 1069 320 MANV
1100 294 1278 320 scalpris
1310 294 1438 320 {Annis
1468 294 1737 321 renelrurvn

222 384 334 424 solio
360 383 412 422 St»
437 383 726 424 contrarium
752 382 1039 437 deprehendi
1066 396 1199 437 posse
1228 382 1319 423 iam
1345 382 1554 424 uidimus
1579 396 1623 437 p.
1652 384 1722 426 52.
1751 383 1794 424 Si
1820 388 1975 426 autem
2000 398 2023 426 a
2048 384 2185 427 Libro
2217 384 2274 428 de

223 461 457 501 Aetatibus
497 460 711 500 diuersus
750 463 815 500 est
862 459 993 501 Liber
1030 458 1084 500 de
1127 459 1245 500 Yiris
1290 458 1571 509 illustribus,
1607 460 1685 500 uix
1723 461 1906 514 opinari
1943 461 2050 503 licet
2079 475 2104 503 a
2136 461 2274 504 Libro

223 535 475 576 illustrium
501 548 807 589 personarum
832 534 1074 576 diuersum
1101 536 1255 576 fuisse.
1293 535 1405 576 Nam
1437 535 1481 575 in
1515 539 1639 576 tanta
1669 536 1913 578 titulorum
1943 537 2210 580 diuersitate
2232 542 2276 581 et

222 613 537 653 inconstantia
568 616 793 667 quantam
827 613 917 652 iam
952 612 1259 656 adum-limus,
1297 625 1455 653 nonne
1486 613 1637 666 potuit
1667 617 1829 654 auctor
1859 613 2034 655 librum
2065 614 2121 656 de
2154 614 2275 656 Viris

224 689 485 730 illustribus
510 689 744 743 appellare
767 703 884 742 opus
909 688 1033 742 quod
1060 689 1157 729 siue
1182 688 1372 729 Librum
1398 687 1652 729 illustrium
1679 702 1985 743 personarum
2004 691 2101 732 siue
2126 690 2277 733 Histo-

224 768 339 807 riam
362 767 640 807 eanonicam
665 770 706 807 et
733 766 920 806 ciuilem
953 767 1051 806 siue
1085 766 1335 806 llistoriam
1361 766 1723 808 ecclesiasticam
1748 771 1791 808 et
1811 766 2000 808 ciuilem
2032 766 2277 809 nominare

226 843 427 884 solebat?
452 843 730 897 Quanquam
756 844 881 882 enim
910 856 1058 896 neque
1084 843 1128 881 in
1158 843 1320 885 initiis.
1347 856 1465 896 quac
1489 843 1546 883 ab
1580 861 1596 879 «
1623 843 1826 897 incipit»
1857 843 2000 885 uerbo
2025 843 2273 897 incipiunt,

224 933 422 974 usquam
450 919 637 960 Librum
663 919 717 958 (11·
743 920 861 959 Yiris
887 918 1149 959 illustribus
1182 920 1482 972 praenuntiat
1513 924 1552 959 et
1587 920 1630 959 in
1671 935 1688 958 α
1711 920 2004 961 orationibus
2048 920 2277 974 proemia-

226 996 347 1037 libus
372 1015 398 1039 »,
426 1011 542 1051 quae
568 996 765 1046 singulis
792 997 955 1036 litteris
982 997 1268 1050 praepositae
1293 1001 1417 1045 sunt,
1439 996 1580 1037 uerba
1614 1014 1630 1033 «
1656 997 1711 1037 (10
1732 997 1943 1050 personis
1963 995 2275 1048 illustribus»,

224 1074 298 1114 uel
327 1096 340 1109 ι·
363 1073 649 1114 notabilibus
672 1092 685 1104 ι·
711 1072 782 1112 nel
813 1090 826 1109 (ι
848 1073 1037 1113 saniosis
1056 1090 1071 1107 n
1100 1077 1493 1126 semper-usurpat
1511 1072 1796 1127 (opportune
1819 1073 2028 1128 quidem,
2050 1085 2158 1114 cum
2181 1084 2278 1114 non

222 1149 278 1191 (10
311 1151 424 1190 uiris
457 1150 609 1190 solum
645 1163 809 1189 uerum
845 1150 985 1190 eliam
1019 1149 1073 1189 de
1106 1150 1294 1189 feminis
1327 1150 1372 1189 in
1407 1150 1488 1190 illo
1520 1150 1638 1190 libro
1664 1148 1913 1205 loquitur);
1942 1153 2097 1191 lamen
2123 1149 2279 1204 potius

227 1240 390 1280 parum
417 1228 601 1280 proprie
626 1232 664 1267 et
693 1240 771 1280 per
804 1226 1137 1279 negligentiam
1169 1226 1406 1280 quandam
1440 1225 1629 1266 Librum
1661 1227 1716 1267 (10
1751 1226 1871 1266 viris
1902 1225 2164 1267 illustribus
2194 1238 2279 1280 pro

227 1303 362 1343 Libro
395 1303 648 1343 illustrium
686 1316 991 1357 personarum
1026 1303 1285 1344 Iohannem
1317 1302 1488 1344 dixisse
1526 1304 1789 1356 putauerim
1824 1316 1965 1357 quam
2000 1301 2191 1343 Librum
2223 1301 2280 1344 de

226 1379 345 1420 Yiris
386 1380 646 1421 illustribus
689 1379 822 1420 Libro
862 1380 916 1420 (10
958 1379 1195 1421 :totalibus
1234 1379 1432 1421 alterum
1473 1379 1661 1420 tilulum
1687 1393 1784 1420 esse
1809 1379 2109 1433 inscriptum,
2146 1378 2279 1420 cuius

227 1458 444 1498 materiae
466 1458 661 1497 minime
686 1457 976 1497 conueniret.

318 1534 427 1573 Nam
460 1547 566 1573 cnm
599 1546 650 1573 cx
683 1546 736 1572 00
767 1532 892 1586 quod
926 1532 1059 1573 Liber
1089 1532 1144 1573 (10
1175 1531 1335 1572 Mundi
1360 1533 1604 1584 aetatibus,
1631 1532 1730 1573 siuc
1753 1531 1808 1574 de
1833 1533 2070 1574 Aetatibus
2095 1531 2277 1585 mundi,

227 1611 325 1651 siue
358 1610 658 1664 paucioribus
689 1609 845 1649 uerbis
881 1608 1013 1649 Libcr
1043 1608 1096 1649 de
1129 1609 1366 1650 :letatibus
1398 1609 1514 1650 illud
1548 1622 1667 1664 opus
1698 1610 1973 1651 nominatur
2005 1610 2119 1665 (non
2152 1609 2280 1652 enim

228 1686 423 1726 ‹lnhium
457 1691 522 1727 est
552 1686 666 1740 quin
699 1686 755 1727 de
789 1698 884 1727 uuo
909 1699 1045 1739 opere
1069 1686 1268 1739 agatur),
1307 1690 1406 1727 tum
1440 1699 1494 1727 ex
1529 1687 1584 1727 iis
1619 1686 1755 1728 rebus
1785 1687 1840 1728 de
1870 1686 2042 1741 quibus
2074 1685 2131 1728 ad
2162 1685 2280 1728 illud

230 1764 418 1804 reicitur
457 1763 600 1803 lector
638 1776 755 1817 quac
793 1764 985 1804 materia
1027 1763 1073 1803 in
1107 1776 1161 1804 eo
1196 1767 1384 1804 tractata
1419 1764 1553 1805 suerit
1587 1776 1682 1805 non
1713 1764 1773 1805 ita
1802 1776 1998 1818 operose
2029 1763 2278 1805 conicitur.

229 1840 287 1880 lix
328 1839 429 1879 loeo
461 1840 707 1893 praecipue
737 1853 876 1894 quem
916 1853 939 1881 0
973 1843 1168 1881 tractatu
1199 1843 1364 1894 quarto
1396 1839 1443 1893 (s.
1481 1841 1533 1887 lili
1569 1839 1745 1882 codicis
1783 1840 2000 1895 parisini)
2037 1839 2284 1895 exscripsit

227 1917 448 1958 Antonio.
476 1929 594 1970 qnae
620 1916 754 1957 suerit
781 1917 897 1957 ratio
923 1917 1065 1957 totius
1096 1916 1202 1956 libri
1234 1917 1327 1957 iam
1358 1917 1534 1971 percipi
1560 1921 1727 1971 potest,
1763 1930 1880 1971 quac
1911 1920 1962 1958 ut
1993 1917 2106 1959 dicit
2135 1917 2278 1968 idem,

227 1993 364 2034 molis
406 1994 594 2034 maioris
633 2006 800 2048 nempe
836 1998 947 2035 crat.
983 1995 1096 2035 Nam
1130 2007 1154 2034 a
1190 1994 1424 2036 creatione
1460 1994 1624 2035 mundi
1658 1994 1928 2048 incipiebat,
1963 1997 2007 2035 01
2038 1997 2282 2048 perpetuas

226 2070 472 2111 nationum
519 2070 738 2111 historias
781 2071 856 2124 ((10
902 2070 1165 2112 Alexandro
1208 2071 1334 2112 enim
1374 2071 1612 2124 agebatur,
1652 2071 1710 2113 cl'.
1757 2070 1835 2112 sol.
1882 2083 1937 2127 90
1978 2071 2081 2112 cod.
2123 2071 2190 2124 P),
2238 2073 2283 2112 et

227 2147 475 2201 Hispaniae
516 2160 539 2187 a
583 2148 817 2201 principio
861 2148 915 2189 ad
961 2149 1260 2202 Alphonsum
1299 2148 1383 2189 X¹¹¹¹¹
1423 2153 1465 2190 01
1503 2149 1602 2189 cius
1638 2148 1790 2189 filium
1832 2147 2278 2202 comprehendebat.

227 2225 385 2265 Simile
426 2225 566 2277 1311111·
601 2223 779 2279 aliquid
823 2229 920 2266 erat
964 2225 1214 2279 Pelagiano
1258 2226 1443 2279 corpori
1487 2225 1561 2267 uel
1604 2224 1751 2266 Lucae
1795 2225 2004 2266 tudensis
2044 2223 2281 2266 Chronico

225 2315 332 2342 cum
374 2301 505 2342 solita
545 2301 779 2342 diuisione
818 2301 865 2342 in
907 2315 983 2343 sex
1019 2306 1188 2344 aetates
1222 2303 1278 2343 ab
1318 2301 1497 2343 Isidoro
1531 2306 1574 2344 et
1612 2302 1874 2355 Augustino
1917 2305 2119 2356 accepta.
2162 2300 2280 2342 Num

226 2391 338 2418 uero
399 2378 601 2418 multum
667 2379 843 2432 proprii
903 2379 1015 2421 illuc
1074 2380 1397 2433 congesserat?
1455 2379 1486 2419 E
1542 2392 1714 2433 magno
1759 2391 1956 2420 numero
1999 2377 2212 2419 locorum
2256 2389 2281 2419 a

227 2454 451 2495 lloderico
485 2459 526 2494 (·1
560 2455 678 2496 Luca
713 2460 1028 2510 sumptorum,
1061 2458 1140 2511 qui
1171 2457 1218 2497 in
1251 2456 1355 2498 aliis
1388 2456 1519 2498 libris
1551 2456 1774 2498 Iohannis
1805 2455 2154 2508 discernuntur,
2183 2466 2280 2496 non

227 2531 315 2572 hoc
347 2532 573 2585 suspicari
606 2531 728 2573 11001.

318 2608 446 2649 Nunc
476 2621 602 2650 uero.
632 2610 667 2649 si
700 2608 834 2650 Liber
863 2610 917 2651 (10
950 2610 1069 2651 Viris
1101 2609 1380 2664 illustribus,
1406 2614 1457 2652 ut
1486 2609 1619 2651 facile
1648 2610 1807 2651 animo
1839 2608 2035 2663 accipio,
2062 2607 2186 2651 idem
2214 2611 2283 2651 est

226 2699 277 2726 ac
303 2684 436 2726 Liber
461 2685 716 2726 illustrium
742 2699 1067 2740 personarum,
1088 2701 1182 2729 non
1209 2688 1356 2728 miror
1379 2687 1415 2729 si
1440 2687 1497 2728 ad
1521 2687 1657 2728 illum
1684 2685 1825 2728 simul
1848 2689 1985 2740 atque
2007 2685 2065 2726 ad
2088 2684 2279 2726 Librum

225 2761 280 2802 de
314 2762 551 2803 Aetatibus
587 2762 807 2804 lectorem
841 2762 896 2805 (10
930 2764 1098 2805 iisdem
1135 2764 1273 2806 rebus
1306 2765 1541 2806 remittere
1574 2763 1727 2818 potuit
1762 2762 2013 2814 Iohannes,
2054 2761 2280 2817 quoniam

229 2838 362 2880 Liber
407 2838 662 2879 illustrium
708 2852 1017 2893 personarum
1057 2840 1317 2882 litterarum
1361 2839 1527 2882 ordine
1570 2853 1689 2895 pene
1734 2852 1899 2882 omnes
1950 2839 2281 2881 uniuersarum

226 2915 439 2968 gentium
466 2915 687 2956 historias
711 2916 997 2957 continebat.

317 2990 408 3029 mh.
437 3016 488 3022 —
517 2991 566 3032 ln
593 2992 751 3034 codice
781 2993 1093 3035 Bibliothecae
1126 2993 1343 3048 publicae
1377 2993 1662 3035 matritensis
1693 2993 1723 3034 F
1753 2995 1806 3034 55
1839 2994 2016 3047 (noster
2046 2992 2139 3045 Mb,
2171 2991 2281 3034 uide

228 3081 272 3122 p.
303 3079 373 3117 22)
411 3069 490 3123 qni
533 3074 712 3123 prat-ter
751 3069 941 3110 Librum
982 3069 1037 3111 (10
1070 3071 1334 3112 l'racconiis
1367 3070 1635 3124 Hispaniae,
1667 3070 1788 3112 uitas
1826 3083 1991 3124 regum
2031 3068 2281 3125 Hispaniae

228 3144 473 3199 plerasque
506 3158 528 3185 0
567 3145 700 3186 Libro
748 3146 1003 3187 illustrium
1045 3159 1353 3200 personarum
1394 3147 1714 3201 transcriptas,
1750 3151 1801 3188 ut
1837 3146 2040 3197 uidetur,
2076 3142 2198 3188 XVII
2238 3148 2283 3198 et

231 3221 371 3263 xvnl
398 3222 584 3263 saeculo
617 3223 816 3264 diuersis
850 3223 1070 3264 manibus
1103 3227 1310 3265 exaratas
1344 3224 1568 3275 continet,
1605 3228 1710 3278 post
1742 3224 1895 3265 Vitam
1928 3222 2220 3277 Aldephonsi
2242 3221 2279 3264 X

230 3299 451 3340 historiae
493 3313 654 3351 regum
703 3301 924 3342 Nax-arrae
966 3301 1227 3353 Α133011130
1260 3305 1303 3342 01
1340 3301 1635 3354 I'ortugaliae
1675 3301 1877 3342 adiectae
1909 3303 2033 3351 sunt,
2069 3299 2135 3360 sic
2165 3298 2282 3340 inci-

231 3375 435 3429 pientes:
469 3392 485 3413 «
510 3375 573 3416 Dc
599 3377 786 3429 regibus
812 3377 1051 3418 Navarrae.
1082 3377 1372 3431 Principium
1397 3391 1478 3431 per
1500 3377 1681 3432 aliquot
1700 3377 1845 3418 lineas
1870 3376 1960 3430 legi
1984 3389 2079 3417 non
2103 3377 2282 3430 poterat

229 3465 375 3506 usque
405 3452 519 3493 ad...
555 3452 767 3506 Cumque
795 3454 1035 3507 quondam
1068 3454 1204 3507 Legio
1240 3454 1437 3495 Castella
1463 3458 1507 3496 et
1531 3454 1746 3495 Navarra.
1781 3453 1900 3495 Cum
1923 3452 2051 3493 enim
2075 3451 2215 3506 Legio
2237 3454 2280 3493 et

230 3528 429 3570 Castella
459 3533 502 3570 et
529 3529 729 3570 Navarra
764 3531 883 3571 varis
917 3531 1123 3571 Arabum
1164 3530 1573 3572 incursionibus...
1603 3547 1620 3568 »
1656 3528 1754 3582 (sol.
1800 3528 1989 3575 138-140
2025 3526 2196 3583 uerso).
2223 3551 2277 3557 —-

234 3603 339 3645 «De
382 3604 569 3658 regibus
615 3605 889 3659 Aragoniae.
942 3607 1155 3659 Regnum
1198 3618 1306 3647 vero
1350 3605 1611 3659 Aragoniae
1653 3605 1719 3646 sic
1761 3604 1962 3660 incepit:
2008 3603 2278 3645 Ranimirus

229 3680 353 3721 filius
390 3680 525 3734 Regis
556 3681 709 3723 Sancii
746 3681 1057 3736 supradicti...
1082 3699 1099 3720 »
1133 3681 1231 3736 (sol.
1264 3682 1487 3733 142-145).
1516 3705 1572 3712 -—
1608 3680 1715 3723 «De
1744 3680 1934 3735 regibus
1968 3678 2279 3734 Portugalliae
