2405 4009
782 231 899 256 LIBER
928 230 1173 257 ILLVSTRIVM
1203 230 1469 256 PERSONARVM
2103 227 2146 268 [11

186 318 403 373 »Incipit
439 318 684 374 prologus,
731 319 782 360 in
829 319 1006 360 librum
1056 317 1316 360 illustrium
1370 333 1696 373 personarum,
1750 321 1969 364 videlicet
2016 325 2156 377 patri—

95 396 365 447 archarum,
420 396 776 450 prophetarum,
833 394 1158 449 apostolorum
1221 399 1265 436 et
1326 395 1741 449 evangelistarum,
1799 403 2059 452 martyrum
2114 405 2156 441 et

96 473 437 524 confessorum,
479 472 722 526 virginum
761 475 805 513 et
842 471 1094 512 viduarum
1126 475 1171 512 et
1203 471 1403 512 aliarum
1447 476 1717 513 sanctarum
1759 487 2068 527 personarum
2115 481 2158 517 et

95 551 236 592 etiam
259 550 567 599 famosarum,
594 548 746 589 editus
772 561 796 589 a
820 547 960 589 fratre
993 547 1168 589 Ioanne
1202 547 1371 601 Egidii,
1398 547 1453 589 dc
1478 548 1644 590 ordine
1669 549 1868 591 fratrum
1897 551 2152 604 Minorum,

88 628 223 682 juxta
246 626 463 668 ordinem
487 624 744 678 alphabeti.

186 703 334 744 »Post
377 701 729 743 ordinationem
768 701 971 742 Historie
1014 700 1242 742 naturalis
1286 704 1329 742 et
1371 701 1686 744 ecclesiastice
1731 716 1782 744 ac
1822 703 1974 744 civilis
2013 717 2155 757 quam

95 779 243 833 digesi
276 777 556 835 [Beatissimi
591 778 736 818 Patris
768 778 917 819 nostri
954 777 1190 819 Francisci
1223 778 1462 833 meritis1],
1504 779 1551 819 in
1586 779 1707 820 libro
1740 792 1881 834 quem
1921 780 2156 821 intitulavi

95 857 354 898 Archivum
388 869 468 897 seu
500 855 769 896 Armarium
807 854 1156 908 Scripturarum
1195 855 1269 896 vel
1308 855 1465 909 potius
1497 855 1621 897 Mare
1660 855 1899 909 Magnum,
1940 870 1991 897 eo
2030 856 2155 910 quod

95 933 271 975 ibidem
304 933 396 973 fere
420 932 580 973 omnia
612 931 957 983 sermocinalia,
993 931 1244 983 naturalia,
1279 931 1593 973 ecclesiastica
1625 937 1668 974 et
1700 933 1898 974 moralia
1929 937 1972 974 et
2003 934 2158 974 civilia

95 1010 329 1061 ordinavi,
355 1008 616 1051 secundum
641 1007 855 1049 ordinem
880 1007 1118 1062 alphabeti
1149 1008 1342 1050 allectus
1374 1013 1417 1050 et
1448 1013 1651 1050 atractus
1676 1023 1805 1062 sum3
1833 1014 2023 1064 propter
2047 1023 2156 1064 pau-

95 1099 262 1141 perum
302 1086 497 1127 fratrum
551 1085 792 1139 inopiam2
838 1085 1181 1126 sullevandam.
1232 1085 1453 1126 Virorum
1497 1085 1755 1127 illustrium
1799 1090 1843 1127 et
1883 1090 2154 1127 sanctorum

94 1164 315 1205 historias
339 1162 627 1217 exemplares
650 1175 806 1216 presse
831 1175 882 1203 ac
906 1162 1108 1216 precisse
1136 1162 1317 1204 tradere
1341 1163 1558 1204 auxiliis3
1593 1163 1967 1218 supplicantium
1993 1177 2156 1205 secun-

95 1240 209 1282 dum
234 1243 548 1281 memoratum
573 1239 790 1280 ordinem
813 1239 1069 1294 alphabeti.
1095 1239 1222 1281 Sicut
1240 1240 1368 1281 enim
1392 1240 1595 1294 pictores
1617 1244 1834 1282 naturam
1858 1253 1942 1282 suo
1959 1241 2158 1282 artificio

93 1318 349 1369 imitantes,
395 1316 575 1358 colores
619 1316 858 1358 coloribus
903 1314 1293 1373 [permiscentes]‚
1338 1317 1549 1359 visibiles
1592 1330 1845 1372 corporum
1895 1318 2159 1372 depingunt

95 1395 327 1449 imagines
360 1398 402 1435 et
434 1394 658 1435 animalia
681 1397 725 1435 et
748 1393 937 1435 arbores
961 1398 1005 1435 et
1036 1407 1168 1447 reges
1202 1398 1246 1436 et
1278 1394 1452 1436 milites
1483 1398 1528 1436 et
1558 1395 1759 1436 rusticos
1793 1399 1836 1436 et
1867 1380 2091 1436 barbaros
2114 1398 2156 1436 et

96 1485 279 1528 pugnas
303 1475 347 1513 et
369 1471 491 1512 rixas
515 1475 558 1512 et
582 1474 809 1512 torrentes
835 1471 1124 1525 sanguinum
1152 1474 1211 1523 [et
1234 1471 1418 1513 lanceas
1442 1475 1486 1513 et
1509 1472 1676 1513 loricas
1700 1475 1744 1513 et
1767 1475 1896 1513 scuta
1920 1475 1963 1513 et
1985 1471 2157 1525 galleas

94 1553 137 1591 et
160 1549 318 1590 sedem
345 1548 552 1601 regalem
576 1552 620 1589 et
642 1548 974 1602 imperatorem
1000 1548 1240 1590 sedentem
1265 1553 1309 1590 et
1330 1548 1585 1589 baruarum
1610 1548 1854 1590 subditum
1877 1552 1921 1590 et
1943 1547 2156 1602 gladium

94 1631 284 1669 acutum
307 1631 351 1668 et
378 1626 548 1667 fluvios
583 1625 884 1667 decurrentes
917 1629 960 1667 et
992 1639 1184 1680 campos
1218 1626 1358 1667 variis
1391 1626 1587 1667 floribus
1620 1623 1889 1682 adornatos]
1925 1629 1968 1667 et
1994 1626 2156 1666 omnia

94 1717 184 1758 que
203 1703 365 1745 vident
387 1703 435 1743 in
461 1707 627 1744 natura
647 1716 728 1757 per
750 1703 1004 1744 artificium
1025 1703 1264 1744 imitantes
1284 1701 1360 1760 [et]
1381 1702 1710 1745 admirabilem
1729 1716 1781 1744 ex
1800 1704 1890 1744 hoc
1908 1702 2155 1743 historiam

94 1781 390 1823 intuentibus
425 1784 657 1834 prestant3
693 1781 755 1821 ita
789 1785 832 1822 et
863 1793 949 1833 ego
985 1780 1114 1821 velut
1153 1780 1268 1821 alter
1303 1776 1455 1834 pictor
1495 1784 1540 1822 et
1580 1781 1765 1821 utinam
1798 1780 1951 1820 bonus
1985 1780 2152 1833 pictor,

94 1858 282 1899 virtutis
315 1861 359 1899 et
395 1857 573 1899 malitie
613 1870 741 1898 nunc
775 1856 1105 1911 exemplariter
1140 1856 1401 1898 describere
1440 1857 1661 1911 cogitaui.
1700 1857 1968 1898 Pecatorem
2006 1855 2155 1897 delin-

93 1939 332 1990 quentem,
379 1948 506 1975 nunc
541 1935 725 1988 justum
770 1934 1059 1988 penitentem
1104 1947 1232 1974 nunc
1276 1938 1492 1987 stantem,
1545 1947 1674 1975 nunc
1718 1933 1975 1984 sedentem,
2026 1946 2154 1973 nunc

93 2013 383 2066 uincentem,
410 2025 538 2053 nunc
563 2011 940 2063 sucumbentem‚
975 2024 1105 2052 nunc
1129 2011 1390 2062 cadentem,
1427 2025 1556 2052 nunc
1580 2012 1720 2053 etiam
1744 2014 2067 2064 resurgentem
2097 2010 2154 2051 ad

93 2090 463 2132 confutationem
495 2089 755 2130 errantium
788 2088 845 2130 ad
878 2089 1269 2130 informationem
1303 2088 1655 2143 incipientium,
1690 2087 1745 2129 ad
1779 2088 2153 2129 inflamationem

92 2167 445 2222 proficientium
486 2164 560 2222 {ad
593 2165 1046 2220 contemplationem
1087 2178 1167 2207 seu
1207 2165 1584 2219 degustationem
1626 2165 1942 2207 nihilominus
1981 2164 2154 2218 perfec-

93 2249 251 2286 torum
274 2247 317 2285 et
338 2243 687 2284 alleviationem
712 2241 1101 2298 predicatorum].

186 2338 204 2360 »
228 2321 312 2362 Hic
334 2321 580 2362 invenient
603 2320 918 2375 predicatores
947 2324 990 2361 et
1011 2319 1227 2361 doctores
1251 2319 1464 2373 exempla
1489 2333 1635 2361 manu
1658 2318 1846 2361 ductiva
1868 2322 1911 2360 et
1934 2318 2155 2359 atractiva

93 2398 266 2453 quibus
288 2398 513 2439 reducant
537 2397 739 2452 populos
763 2400 808 2438 et
839 2396 1075 2451 subjectos
1101 2395 1156 2437 ad
1182 2409 1290 2438 suos
1324 2396 1560 2438 ierarchas
1589 2396 1782 2438 infimos
1815 2395 1894 2437 sed
1918 2396 2154 2450 principes

93 2480 137 2517 et
158 2474 360 2530 prelatos
384 2479 428 2516 et
447 2474 693 2516 Jerarchas
718 2474 910 2515 infimos
934 2474 991 2514 ad
1016 2486 1281 2528 supremos,
1309 2474 1488 2515 scilicet
1509 2473 1721 2527 angelos,
1743 2473 2006 2515 secundum
2030 2472 2156 2513 ordi-

93 2566 203 2594 nem
247 2550 509 2606 graduum!⁸
552 2556 596 2593 et
646 2550 822 2608 [etiam]
867 2550 1201 2604 dignitatumss,
1247 2555 1298 2592 ut
1347 2551 1537 2593 tandem
1582 2551 1638 2592 ad
1690 2564 1839 2591 unum
1885 2550 2153 2604 jerarcham

88 2630 433 2685 jerarcharum,
469 2629 550 2684 qui
581 2633 650 2670 est
682 2629 791 2670 finis
824 2632 867 2670 et
898 2628 1191 2682 principium
1223 2628 1380 2669 omnis
1412 2628 1496 2680 rei,
1537 2627 1691 2683 Alpha
1726 2631 1770 2669 et
1806 2640 1973 2680 omega
1995 2626 2155 2668 omnia

92 2707 392 2749 reducantur.
412 2707 607 2748 Presens
629 2710 785 2747 autem
804 2719 922 2760 opus
946 2705 1210 2759 agrediens,
1226 2709 1276 2747 ut
1295 2709 1531 2747 sarmenta
1547 2719 1657 2747 cum
1676 2704 1904 2759 Apostolo
1932 2704 2153 2758 coligam,

93 2785 266 2840 quibus
290 2784 524 2839 meipsum
550 2788 594 2825 et
616 2783 733 2825 alios
757 2783 1052 2824 calefaciam:
1087 2796 1111 2824 a
1143 2786 1358 2838 serpente
1391 2796 1500 2824 cum
1524 2782 1752 2837 Apostolo
1774 2794 1871 2823 non
1895 2781 2059 2822 dubito
2084 2793 2158 2821 me

92 2862 324 2903 morderi:
351 2861 430 2902 sed
452 2860 857 2916 quemadmodum
882 2873 980 2901 non
1011 2863 1080 2901 est
1113 2860 1237 2901 lesus
1272 2860 1526 2914 Apostolus
1558 2873 1583 2900 a
1615 2863 1846 2914 serpente,
1874 2858 1939 2899 sic
1964 2872 2049 2899 nec
2072 2870 2157 2910 ego

92 2939 329 2980 morsibus
367 2938 717 2980 detrahentium
748 2938 979 2978 damnum
1018 2937 1212 2991 aliquod
1249 2937 1466 2979 incurress
1505 2937 1843 2991 pertimesco73
1888 2936 1996 2976 licet
2028 2935 2155 2976 enim

93 3015 312 3057 animalis
331 3016 476 3057 homo
499 3028 596 3056 non
621 3015 849 3069 percipiat
870 3027 961 3069 que
983 3013 1067 3055 Dei
1087 3018 1212 3065 sunt,
1235 3018 1425 3069 propter
1443 3014 1699 3055 animalem
1719 3017 1876 3056 tamen
1897 3012 2155 3053 multorum

93 3093 340 3144 invidiam,
387 3092 444 3133 ab
484 3092 689 3146 incepto,
737 3091 797 3133 ob
843 3091 1105 3133 multorum
1150 3091 1403 3133 utilitatem
1446 3091 1690 3145 proposito
1733 3103 1829 3132 non
1877 3089 2153 3131 desistam...

94 3168 378 3212 Accedentes
409 3182 521 3223 ergo
554 3168 611 3210 ad
644 3169 878 3223 prefatum
914 3169 1089 3210 librum
1123 3168 1204 3223 qui
1236 3172 1304 3210 est
1337 3168 1471 3223 quasi
1504 3167 1746 3223 quoddam
1778 3167 2037 3208 concilium
2078 3177 2155 3206 seu

182 3328 209 3349 1.
234 3317 278 3347 Ea
303 3325 394 3356 quae
420 3317 520 3346 uncis
546 3316 673 3346 inclusi
698 3316 871 3345 deficiunt
895 3316 932 3345 in
960 3316 1160 3354 apographo
1183 3316 1262 3346 MPe
1286 3316 1344 3355 (de
1366 3323 1438 3353 quo
1460 3315 1543 3344 uide
1565 3323 1598 3353 p.
1627 3325 1676 3352 12,
1701 3314 1751 3350 30,
1777 3315 1844 3353 ᾴδ);
1869 3321 1959 3352 quae
1981 3314 2098 3341 autem
2123 3312 2156 3340 in

93 3364 218 3395 eodem
235 3365 337 3394 aliter
354 3365 523 3402 leguntur
538 3364 594 3393 hic
611 3364 681 3392 ima
698 3364 827 3401 pagina
845 3364 1024 3393 notantur.

181 3422 209 3443 2.
233 3412 440 3450 pauperiem
458 3412 607 3441 fratrum
625 3412 658 3440 et
675 3410 845 3448 inopiam.

177 3459 206 3488 3.
232 3457 447 3497 exemplares
462 3467 626 3496 personas
642 3457 789 3496 precisse
807 3457 939 3487 tradere
955 3457 1113 3487 auribus.

181 3508 210 3538 Δ.
236 3506 386 3543 gradum
404 3506 577 3535 ordinem.

179 3553 207 3583 5.
234 3552 419 3590 dignitate.

181 3600 211 3630 ὓ.
237 3599 292 3631 Sic
309 3600 346 3630 in
363 3599 433 3630 Md.

182 3658 212 3687 7.
239 3647 413 3677 Hactenus
429 3646 520 3678 MPe.
