2405 4009
1082 213 1259 239 smevm
1290 214 1355 239 xix
2197 219 2205 242 ι
2219 218 2239 256 7

195 303 383 358 Miguel,
417 306 608 357 rogante
640 301 855 343 Eduardo
887 301 942 342 de
978 301 1200 355 Hinojosa
1234 314 1317 355 pro
1348 301 1535 343 Alfredo
1565 302 1874 353 Morel-Fatio,
1901 316 1951 344 ea
1974 304 2236 358 inquisiuit.

195 381 337 422 Cuius
373 393 427 421 ex
469 377 667 433 epistula
704 377 1002 430 intelligitur,
1043 377 1250 432 expulsis
1295 378 1351 418 ab
1401 378 1624 431 Hispania
1677 393 1801 421 anno
1853 378 2239 421 MDCCCXXXIV

196 455 458 506 monachis,
503 454 766 505 uolumina,
811 467 930 508 quae
971 454 1020 494 in
1061 454 1480 495 Franciscanorum
1522 455 1800 496 bibliotheca
1840 455 2037 507 fucrant,
2082 456 2239 498 decem

195 545 343 575 annos
375 545 484 573 cum
517 530 620 572 aliis
659 544 714 572 ex
743 531 847 572 aliis
878 531 1175 571 monasteriis
1204 530 1437 572 distractis
1470 531 1518 571 in
1549 531 1689 572 domo
1720 532 1899 585 priuata
1930 534 2243 586 permansisse

192 608 416 662 deposita,
443 607 523 648 ubi
553 607 810 661 unicuique
840 606 1044 660 eligendi
1075 610 1119 648 et
1147 607 1535 661 apprehendendi
1564 608 1794 662 quidquid
1819 608 2020 661 placeret
2044 613 2243 663 potestas

193 685 353 736 fuerit3
389 697 497 725 cum
528 687 683 725 autem
714 683 848 738 plura
878 684 1153 735 ueniissent,
1192 683 1372 738 reliqua
1406 684 1575 738 partim
1609 684 1808 738 collegio
1842 684 1967 738 quod
2001 685 2243 740 hispanice

200 761 478 802 «Instituto»
498 760 684 811 dicitur,
701 761 871 814 partim
892 760 1154 801 Seminario
1173 761 1392 801 attributa
1414 773 1528 802 esse.
1546 761 1597 801 In
1618 777 1634 799 «
1654 761 1870 802 Instituto
1888 779 1904 799 »
1928 762 2046 802 nihil
2062 762 2245 803 inuenit

193 837 455 879 Ludovicus
488 837 770 891 Rodriguez;
809 837 1057 878 Seminarii
1093 850 1202 878 cum
1242 837 1363 878 nihil
1402 841 1520 879 essct
1551 837 1836 879 bibliotheca
1876 838 1965 879 nisi
2004 838 2241 893 quoddam

196 931 214 953 α
242 914 460 956 inmenso
502 913 700 955 monton
743 913 799 956 de
843 914 986 955 libros
1030 914 1102 954 sin
1148 913 1293 955 orden
1339 914 1512 968 alguno
1542 930 1580 966 »,
1632 915 1851 970 quamuis
1899 915 2118 968 rogitanti
2164 929 2245 969 pcr

192 991 455 1046 praesulem
488 990 593 1032 illos
627 990 845 1044 Aegidios
878 1004 1100 1045 quaerere
1132 1003 1226 1032 non
1261 990 1410 1042 licuit,
1445 991 1593 1032 immo
1617 1005 1664 1033 se
1687 991 1743 1032 ad
1771 992 2084 1033 ordinandam
2113 992 2241 1033 illam

191 1080 333 1123 quam
356 1067 590 1109 uocabant
609 1067 948 1109 bibliothecam
969 1068 1263 1122 promittenti
1291 1084 1308 1106 (ι
1326 1068 1453 1122 ipsos
1473 1081 1585 1109 uero
1605 1068 1694 1109 hoc
1714 1082 1759 1110 se
1780 1068 1981 1110 facturos
2001 1069 2238 1122 cogitare»

190 1157 472 1199 responsum
502 1149 584 1186 est.
618 1144 807 1186 Vtinam
837 1157 890 1186 ex
922 1144 1004 1185 illo
1034 1158 1160 1186 anno
1192 1144 1553 1186 MDCCCLXXX
1584 1149 1767 1199 tempus
1799 1149 1842 1186 et
1870 1146 2020 1187 otium
2046 1145 2242 1186 faciendi

191 1221 469 1263 habuerint!
496 1220 614 1263 Cum
639 1225 794 1263 autem
819 1221 974 1262 adhuc
999 1221 1118 1262 mihi
1147 1234 1244 1263 non
1273 1221 1411 1263 fuerit
1437 1222 1680 1263 Zamoram
1710 1222 1853 1263 eundi
1883 1222 2067 1264 occasio
2096 1222 2241 1273 utitis,

190 1303 350 1340 utrum
372 1298 624 1340 habuerint
645 1311 807 1340 annon
831 1298 1004 1340 nescio.

278 1375 495 1418 Ceterum
518 1389 627 1417 cum
646 1375 906 1430 publicaret
924 1389 1029 1417 suas
1051 1392 1069 1414 «
1086 1375 1333 1417 Memorias
1357 1374 1602 1417 historicas
1621 1374 1737 1416 dela
1755 1375 1924 1416 ciudad
1944 1374 1998 1417 de
2014 1375 2204 1417 Zamora
2223 1394 2239 1414 »

191 1453 442 1495 Caesareus
472 1453 736 1495 Fernandez
764 1452 892 1495 Duro
921 1466 1043 1494 anno
1073 1452 1495 1505 MDCCCLXXXII,
1523 1452 1646 1494 nihil
1669 1452 1724 1494 de
1748 1452 1842 1493 illis
1872 1456 1966 1494 tam
1989 1452 2243 1494 decantatis

188 1530 431 1572 codicibus
455 1543 565 1572 sane
588 1530 710 1571 nihil
735 1531 847 1572 noui
871 1530 1109 1572 audiuisse
1131 1530 1334 1573 uidetur.

279 1605 404 1658 Quae
423 1621 531 1649 cum
551 1607 613 1649 ita
632 1608 742 1659 sint,
764 1607 1029 1649 deficient-ia
1052 1607 1132 1649 illa
1156 1607 1344 1663 Aegidia
1368 1606 1481 1648 dum
1502 1607 1551 1648 in
1575 1608 1728 1648 lucem
1750 1607 1904 1649 denuo
1924 1607 2166 1661 prodeant,
2191 1620 2243 1648 ex

189 1685 513 1739 manuscripto
531 1684 659 1740 quod
680 1685 729 1726 in
753 1684 1041 1727 Bibliotheca
1061 1685 1249 1739 publica
1272 1685 1535 1726 matritensi
1558 1685 1752 1736 exsistit,
1775 1684 1888 1739 quid
1905 1684 2241 1736 continuerint,

188 1761 349 1816 colligi
378 1765 422 1803 et
448 1762 622 1816 exponi
652 1775 786 1816 posse
815 1762 938 1803 infra
966 1762 1297 1804 declarabitur.
1331 1758 1432 1813 Quo
1462 1775 1574 1803 usus
1603 1765 1646 1803 et
1674 1762 1776 1802 aliis
1808 1762 1968 1816 paucis
1993 1761 2047 1802 de
2072 1761 2242 1815 quibus

188 1839 384 1880 inferius
427 1839 693 1894 loquemur,
740 1839 910 1881 Fidelis
954 1839 1051 1881 Fita
1094 1853 1117 1881 e
1162 1840 1385 1881 Societate
1427 1839 1529 1880 Iesu
1568 1842 1611 1880 et
1652 1839 1843 1880 Librum
1886 1839 1941 1880 de
1977 1839 2243 1881 Praeconiis

187 1916 391 1958 ciuitatis
415 1916 738 1968 numantinae,
768 1920 813 1958 et
837 1916 1095 1970 fragmenta
1114 1916 1261 1958 multa
1285 1929 1410 1958 anno
1426 1914 1844 1958 MDCCCLXXXIV
1864 1917 2168 1970 sequentibus
2186 1941 2243 1945 —

187 2007 306 2048 quae
329 1993 589 2048 publicauit
611 1994 659 2034 in
685 2008 703 2032 «
725 1993 905 2035 Boletin
925 1993 1039 2035 dela
1060 1994 1169 2036 Real
1187 1993 1437 2036 Academia
1455 1992 1571 2035 dela
1591 1993 1793 2034 Historia
1815 2007 1833 2033 ))
1857 1993 1999 2047 (tomo
2014 1994 2067 2046 V,
2083 2007 2127 2048 p.
2147 1994 2242 2035 131-

191 2084 290 2122 2oo,
318 2084 363 2125 p.
398 2070 720 2122 308-3283V1,
751 2085 796 2125 p.
835 2071 987 2126 (io—71,
1028 2085 1073 2125 p.
1109 2071 1319 2126 379—409,
1353 2084 1397 2125 p.
1434 2068 1652 2124 418—4293
1675 2069 1771 2121 Vll,
1806 2084 1850 2124 p.
1890 2070 2085 2121 54-lltl13
2120 2070 2238 2121 XIII,

189 2161 234 2202 p.
274 2147 480 2202 187-225,
509 2147 735 2203 291-295).
764 2147 898 2199 Quod
923 2147 993 2188 illi
1017 2151 1060 2189 et
1082 2146 1362 2190 Academiae
1387 2147 1645 2189 Historicae
1671 2147 1896 2202 hispanae
1920 2151 2048 2189 tanto
2074 2148 2239 2189 maiori

189 2224 315 2266 laudi
339 2229 407 2266 est
428 2225 554 2279 quod
572 2225 693 2267 inter
712 2225 938 2267 Iohannis
961 2238 1102 2280 opera
1125 2239 1175 2266 ea
1197 2238 1315 2280 quae
1338 2225 1601 2280 plurimum
1621 2225 1693 2266 edi
1714 2224 1939 2270 referebat
1957 2225 2119 2266 edidit.

277 2302 343 2344 Ita
374 2316 487 2345 uero
523 2303 570 2344 id
603 2303 729 2358 quod
761 2306 1027 2357 susceperat
1057 2303 1225 2354 effecit,
1252 2307 1303 2344 ut
1335 2303 1384 2343 in
1408 2303 1593 2357 scriptis
1620 2301 1844 2344 Iohannis
1869 2302 2101 2357 quidquid
2125 2307 2244 2345 esset

189 2366 546 2435 nouum'atque
574 2380 689 2422 utile
727 2379 1063 2434 publicaretur,
1096 2393 1192 2421 non
1226 2383 1384 2421 tamen
1418 2380 1560 2421 totius
1591 2380 1746 2434 operis
1781 2380 1947 2431 forma,
1976 2380 2168 2421 materia
2200 2383 2243 2421 et

188 2457 397 2499 conditio
434 2458 643 2512 exposita
682 2457 755 2499 sit.
796 2458 928 2498 Nunc
963 2471 1078 2512 quas
1117 2471 1187 2498 res
1227 2457 1494 2499 tractauerit
1531 2460 1574 2498 et
1612 2457 1851 2511 quomodo
1886 2470 1960 2498 eas
1999 2457 2243 2511 digesserit

188 2535 450 2576 monachus
472 2534 551 2576 ille
574 2535 914 2586 franciscanus,
945 2548 1062 2589 quos
1090 2535 1299 2576 imitatus
1324 2535 1383 2576 sit
1418 2538 1497 2575 aut
1527 2534 1637 2575 satis
1667 2534 1886 2575 habuerit
1913 2534 2237 2586 transcribere,

187 2625 303 2653 num
327 2612 516 2666 propria
539 2611 742 2668 denique
766 2612 1031 2662 inseruerit,
1059 2612 1295 2666 reliquum
1319 2616 1386 2653 est
1408 2616 1459 2653 ut
1482 2612 1794 2667 perquiratur.

246 2688 311 2731 De
340 2690 661 2744 spectantibus
689 2693 847 2731 tamen
877 2689 933 2730 ad
964 2689 1212 2730 historiam
1241 2689 1514 2731 tractatibus
1544 2689 1654 2742 (hoc
1685 2689 1813 2730 enim
1850 2688 2051 2730 uerbum
2078 2689 2241 2731 crebro

186 2766 285 2821 ipse
307 2766 573 2821 usurpauit)
600 2766 692 2808 fere
724 2767 1056 2811 tantummodo
1080 2767 1157 2808 hic
1190 2771 1377 2820 agetur;
1405 2780 1514 2807 nam
1547 2765 1602 2807 ad
1627 2779 1679 2807 ea
1711 2779 1829 2821 quae
1858 2765 1914 2807 ad
1944 2767 2240 2820 quaestiones

186 2842 422 2884 naturales
451 2843 542 2884 nisi
569 2843 719 2885 obiter
747 2857 843 2884 non
870 2847 938 2885 est
963 2843 1093 2885 locus
1123 2843 1410 2885 attendendi.
1436 2842 1592 2897 Neque
1618 2843 1915 2897 propositum
1940 2843 2089 2884 habeo
2113 2857 2240 2885 nunc

186 2920 445 2974 exquire're,
470 2920 583 2974 quid
608 2920 664 2961 ab
688 2921 791 2962 aliis
817 2921 1124 2976 scriptoribus
1150 2924 1389 2962 mutuatus
1416 2920 1489 2971 sit,
1518 2920 1632 2974 quid
1657 2933 1710 2961 ex
1737 2933 1791 2962 eo
1818 2920 1896 2961 alii
1924 2921 2235 2975 sumpserint:

186 2996 313 3051 quod
356 2996 546 3051 longius
585 3011 658 3038 me
696 2998 945 3040 deduceret
983 3011 1126 3053 quam
1166 2998 1342 3053 optaui.
1379 2997 1658 3051 Descriptio,
1685 3010 1782 3039 non
1811 2997 2004 3038 historia
2042 3010 2237 3052 operum

188 3072 521 3114 historicorum
555 3074 632 3115 hic
663 3075 995 3117 tantummodo
1028 3076 1312 3117 inuenietur.
1350 3075 1414 3116 De
1448 3078 1583 3129 poeta
1616 3078 1771 3116 autem
1806 3087 1901 3115 non
1935 3074 2085 3116 habeo
2116 3075 2229 3129 quid

186 3148 358 3199 dicam,
386 3154 490 3204 post
512 3163 562 3191 ea
585 3165 703 3206 quae
726 3153 1069 3195 demonstrauit
1093 3152 1205 3194 Fita.
1267 3135 1269 3138 .
