2405 4009
749 225 883 251 Tri-vm
912 224 1176 251 31x'LT1PL1CEs
1208 226 1404 252 ,minoium
1435 226 1598 252 orlfflvn
2152 220 2199 257 53

146 311 196 352 in
229 312 367 354 initio
400 313 525 354 Libri
557 312 614 355 de
646 314 911 356 Praeconiis
948 315 1151 356 ciuitatis
1188 315 1498 356 numantinae
1530 314 1725 368 legitur:
1772 332 1789 354 «
1814 316 1864 356 In
1894 316 2014 358 libro
2044 324 2203 359 nostro

145 388 280 430 cuius
309 389 473 431 titulus
509 394 577 432 est
612 392 870 432 armarium
907 392 1249 445 scripturarum
1279 395 1322 432 et
1351 376 1563 432 inlibris
1593 392 1647 432 de
1681 392 1890 445 hystoria
1925 395 2124 435 naturali
2161 400 2202 436 ct

145 465 370 506 canonica
390 470 433 507 et
451 467 582 508 ciuili
606 468 731 508 iuxta
755 468 1111 509 inbecillitatem
1137 468 1317 521 ingenii
1344 468 1459 507 mihi
1487 468 1596 508 satis
1620 468 1816 509 disserui
1838 470 1892 510 de
1912 471 2202 512 naturatibus

143 542 387 583 cononicis
411 543 498 595 (sic
521 544 570 584 in
594 544 648 597 A)
672 547 715 585 et
738 543 959 584 ciuilibus
984 557 1073 598 que
1094 556 1176 597 pcr
1198 544 1499 598 antiquitates
1525 544 1754 584 librorum
1780 545 1999 586 dcuenire
2030 547 2077 587 in
2110 548 2200 589 mci

143 619 367 660 noticiam
391 623 660 674 potuerunt.
687 636 704 658 υ
732 618 800 675 (ln
827 639 844 659 (ι
863 620 1043 661 Boletin
1067 620 1122 661 dc
1148 621 1188 661 la
1208 620 1316 661 Real
1341 619 1481 661 Acad.
1502 641 1538 671 υ,
1562 624 1592 661 t.
1616 621 1667 671 Y,
1689 635 1733 674 p.
1763 622 1878 675 134).
1902 622 2072 663 Ycrum
2093 625 2202 677 quia

142 695 200 736 ad
218 695 470 737 Historiam
494 696 686 751 quidem
706 696 969 738 naturalem
992 696 1357 738 ecclesiasticam
1377 701 1419 738 et
1442 697 1632 738 ciuilem
1657 711 1891 751 nusquam
1916 700 2046 740 reicit
2064 699 2201 741 lecto-

142 756 242 813 rem
275 772 508 814 Iohannes
536 773 651 828 quin
684 773 946 814 Archiuum
977 787 1057 815 seu
1088 775 1360 815 Armarium
1391 775 1731 828 scripturarum
1762 780 2006 827 memoret,
2046 777 2203 817 Archi-

141 862 256 890 uum
281 853 436 891 autem
461 862 541 891 seu
566 850 837 891 Armarium
861 851 1203 904 scripturarum
1234 852 1419 905 saepius
1450 851 1561 892 citat
1589 852 1689 892 sine
1714 851 1943 893 Historiae
1976 853 2201 894 naturalis

141 927 394 968 canonicae
427 927 522 980 (uel
543 926 901 981 ecclesiasticae)
934 932 978 969 et
1010 928 1164 969 ciuilis
1193 929 1448 980 mentione,
1483 929 1530 969 in
1562 929 1777 969 animum
1807 928 1982 970 induco
2012 930 2200 970 titulum

139 1004 269 1058 operi
288 1017 372 1044 suo
390 1003 653 1046 Iohannem
676 1017 838 1046 reuera
862 1005 1159 1059 inscripsisse
1189 1006 1449 1046 Archiuum
1469 1019 1548 1047 scu
1569 1005 1838 1046 Armarium
1863 1007 2200 1060 scripturarum

140 1094 221 1122 seu
243 1080 365 1122 Mare
391 1094 643 1135 magnum:
675 1097 691 1120 (ι
713 1080 764 1121 In
789 1081 911 1123 libro
935 1086 1096 1123 nostro
1122 1083 1255 1136 cujus
1279 1082 1442 1124 titulus
1466 1086 1533 1124 est
1559 1083 1791 1125 Archivus
1815 1084 1910 1124 sive
1934 1084 2200 1124 Armarium

138 1158 536 1212 scripturarum...
563 1175 580 1195 η
604 1158 730 1213 (uide
755 1172 799 1213 p.
829 1158 920 1214 47),
953 1159 1040 1199 «in
1065 1159 1188 1201 libro
1212 1173 1354 1214 quem
1377 1160 1615 1201 intitulavi
1646 1161 1904 1201 Archivum
1935 1174 2012 1202 seu
2039 1162 2201 1202 Arma-

138 1234 263 1276 rium
303 1234 651 1289 Scripturarum
690 1235 763 1277 vel
802 1237 957 1290 potius
996 1237 1118 1278 Mare
1160 1237 1424 1291 Magnum»
1463 1238 1528 1286 (in
1560 1238 1757 1292 prologo
1788 1237 1916 1281 Libri
1944 1238 2201 1279 illustrium

137 1311 463 1366 personarurm
491 1312 548 1354 cf.
577 1326 621 1367 p.
646 1313 736 1367 41),
763 1313 847 1354 «in
871 1313 963 1355 alio
987 1318 1149 1355 nostro
1168 1314 1288 1355 libro
1312 1315 1393 1369 qui
1418 1318 1468 1356 ut
1492 1315 1671 1356 dictum
1696 1319 1762 1356 est
1787 1315 2018 1356 Archivus
2042 1315 2202 1356 intitu-

137 1389 260 1431 latur
282 1389 329 1431 id
353 1394 420 1431 est
445 1390 715 1431 Armarium
742 1390 1089 1445 Scripturarum
1114 1391 1187 1433 vel
1211 1393 1367 1446 potius
1391 1392 1514 1434 Mare
1540 1406 1766 1446 magnum
1791 1405 1844 1434 eo
1872 1391 1999 1447 quod
2023 1392 2199 1434 ibidem

137 1466 299 1508 omnia
326 1466 558 1508 naturalia
587 1466 915 1508 sermocinalia
937 1471 979 1509 et
1002 1467 1316 1509 ecclesiastica
1346 1472 1389 1510 et
1419 1467 1576 1509 civilia
1606 1468 1911 1509 continentur
1939 1468 2200 1509 secundum

136 1543 354 1586 ordinem
386 1543 664 1598 alphabeti»
702 1544 826 1598 (post
855 1544 1016 1586 titulos
1051 1545 1229 1587 litterae
1252 1547 1286 1586 A
1321 1546 1369 1586 in
1403 1545 1540 1586 Libro
1575 1545 1833 1586 illustrium
1871 1559 2197 1599 personarum,

137 1621 196 1664 cf.
222 1634 267 1675 p.
295 1621 381 1675 42).
425 1621 514 1662 Nec
544 1625 638 1662 tam
669 1621 811 1662 fuisse
849 1621 1011 1663 titulus
1051 1622 1254 1664 Historia
1290 1622 1519 1664 naturalis
1549 1623 1775 1664 canonica
1807 1626 1851 1664 et
1880 1622 2033 1663 ciuilis
2057 1636 2199 1677 quam

135 1711 294 1740 rerum
318 1702 619 1740 tractatarum
643 1698 874 1753 quaedam
893 1699 1179 1741 ‘monstratio
1198 1704 1240 1741 et
1256 1700 1525 1742 distributio
1549 1700 1749 1741 uidetur.
1774 1699 1838 1741 De
1856 1699 2053 1741 historia
2072 1700 2200 1740 enim

134 1775 339 1817 naturali
376 1776 604 1818 canonica
636 1774 759 1832 (siue
791 1776 1125 1833 ecclesiastica)
1155 1782 1197 1819 ct
1227 1775 1358 1819 ciuili
1391 1791 1510 1832 opus
1540 1782 1629 1829 est;
1663 1777 1789 1832 quod
1821 1781 1888 1819 est
1917 1777 2198 1830 inscriptum

135 1851 370 1893 Archiuus
394 1852 493 1893 siue
516 1852 786 1893 Armarium
817 1853 1174 1907 scripturarum,
1207 1854 1332 1908 quia,
1359 1858 1410 1895 ut
1432 1854 1495 1895 ait
1518 1858 1704 1895 auctor:
1736 1870 1753 1891 «
1783 1855 1831 1895 in
1856 1854 2033 1909 prefato
2057 1853 2195 1905 libro,

134 1929 216 1983 qui
247 1932 316 1970 est
352 1928 472 1971 liber
500 1929 734 1971 librorum
765 1930 984 1971 archivus
1018 1931 1359 1985 scripturarum
1391 1932 1640 1973 continens
1670 1944 1834 1972 omnes
1868 1931 2012 1972 libros
2042 1931 2198 1972 omnis

135 2006 330 2047 scientia
361 2009 404 2047 et
436 2007 592 2048 omnis
626 2011 835 2048 creatura
878 2007 1102 2049 notabilis
1133 2009 1457 2050 continetur...
1489 2025 1505 2045 υ
1548 2008 1688 2049 Aliud
1720 2013 1874 2050 autem
1907 2009 2200 2062 epigramma

134 2095 245 2124 sane
273 2087 342 2125 est
370 2083 491 2125 Mare
521 2097 750 2138 magnum
784 2085 911 2139 quod
942 2086 1051 2126 satis
1080 2086 1220 2127 etiam
1254 2101 1272 2124 «
1296 2086 1351 2127 de
1376 2086 1508 2127 omni
1532 2099 1579 2127 re
1604 2085 1757 2127 scibili
1781 2103 1797 2124 n
1827 2086 1873 2127 in
1900 2099 1953 2127 eo
1978 2086 2052 2139 agi
2075 2086 2197 2126 uiui-

133 2160 239 2201 dius
262 2160 476 2203 denotat:
511 2175 629 2217 quae
657 2162 802 2204 uerba
830 2176 957 2204 nunc
987 2163 1178 2218 hispani
1209 2163 1362 2205 solent
1390 2177 1617 2217 usurpare
1641 2167 1692 2205 ut
1714 2163 1983 2218 significent
2016 2162 2196 2217 aliquid

133 2238 294 2291 magni
317 2242 360 2280 et
384 2238 610 2280 consusi1.

222 2314 285 2357 Eo
315 2315 458 2357 modo
487 2316 698 2371 intellegi
730 2321 883 2371 potest
912 2318 958 2359 id
988 2318 1115 2373 quod
1139 2318 1188 2359 in
1219 2318 1418 2373 prologo
1450 2318 1575 2360 Libri
1604 2318 1863 2359 illustrium
1888 2331 2197 2373 personarum

132 2390 247 2434 dicit
288 2392 550 2435 Iohannes:
601 2394 750 2436 «Post
792 2394 1144 2437 ordinationem
1189 2396 1391 2437 Historie
1435 2395 1665 2437 naturalis
1709 2399 1751 2437 et
1791 2394 2104 2437 ecclesiastice
2147 2408 2198 2436 ac

132 2469 284 2511 civilis
308 2483 452 2525 quam
476 2471 684 2524 digesi...
712 2472 760 2513 in
785 2472 907 2514 libro
931 2486 1072 2527 quem
1096 2473 1335 2514 intitulavi
1359 2473 1618 2515 Archivum
1646 2486 1725 2515 seu
1750 2473 2017 2513 Armarium
2048 2472 2199 2526 Scrip-

130 2550 345 2588 turarum
374 2547 446 2589 vel
479 2549 636 2602 potius
664 2549 788 2591 Mare
818 2563 1064 2604 magnum,
1097 2564 1150 2592 eo
1182 2550 1309 2605 quod
1338 2550 1515 2592 ibidem
1540 2551 1632 2592 fere
1656 2550 1818 2592 omnia
1848 2550 2193 2601 sermocinalia,

131 2624 380 2676 naturalia,
421 2625 736 2668 ecclesiastica
780 2631 823 2668 et
860 2627 1058 2669 moralia
1103 2631 1147 2669 et
1187 2627 1343 2669 civilia
1395 2627 1627 2679 ordinavi,
1673 2628 1934 2669 secundum
1981 2627 2197 2668 ordinem

131 2700 410 2756 alphabeti»
446 2702 573 2758 (uide
603 2717 761 2758 supra,
788 2718 831 2759 p.
863 2705 948 2757 41),
980 2708 1023 2746 et
1052 2705 1098 2746 id
1129 2705 1256 2760 quod
1287 2705 1400 2747 folio
1431 2719 1444 2745 1
1480 2705 1656 2747 codicis
1685 2705 1761 2746 Md
1785 2704 1981 2759 legitur:
2015 2703 2196 2745 «Tituli

131 2782 288 2820 autem
320 2779 462 2834 hujus
490 2781 612 2821 tertii
640 2781 749 2822 libri
778 2781 834 2823 de
864 2781 1067 2824 Historia
1098 2782 1301 2824 naturali
1333 2783 1560 2824 canonica
1592 2786 1635 2824 et
1662 2782 1790 2824 civili
1820 2783 1868 2822 in
1903 2782 2024 2823 libro
2062 2782 2196 2835 cujus

131 2856 294 2898 titulus
332 2860 401 2898 est
440 2858 709 2899 Armarium
742 2859 1088 2914 Scripturarum
1121 2864 1231 2901 sunt
1260 2860 1589 2915 hujuscemodi
1621 2861 1702 2914 qui
1735 2864 1997 2914 sequuntur
2020 2876 2036 2895 »
2071 2858 2195 2913 (uide

132 2946 289 2988 supra,
316 2948 361 2989 p.
390 2934 476 2990 37).
506 2934 733 2977 Similiter
755 2937 887 2990 operi
911 2936 966 2978 de
990 2937 1188 2978 historia
1211 2938 1441 2979 canonica
1465 2951 1516 2978 ac
1541 2937 1672 2978 ciuili
1696 2937 1952 2990 inscriptus
1977 2940 2043 2977 est
2065 2935 2197 2976 Liber

130 3009 387 3052 illustrium
410 3024 739 3066 personarum,
766 3017 817 3055 ut
839 3013 1016 3055 indicat
1044 3014 1144 3069 ipse
1175 3015 1409 3057 Iohannes
1440 3015 1489 3056 in
1517 3019 1724 3056 extrema
1748 3014 1900 3055 littera
1924 3014 1959 3054 A
1985 3012 2193 3055 eiusdem

130 3087 264 3129 libri:
295 3104 313 3127 «
336 3088 538 3143 Explicit
559 3090 742 3144 primus
766 3090 884 3132 liber
908 3091 1109 3133 Historie
1134 3092 1360 3134 canonice
1393 3105 1443 3133 ac
1474 3092 1625 3133 civilis
1650 3105 1739 3146 que
1768 3094 1961 3132 vocatur
1994 3089 2194 3130 Historia

131 3164 227 3206 sive
250 3164 386 3207 Liber
409 3165 667 3207 illustrium
690 3180 1018 3221 personarum.
1044 3184 1063 3206 η

218 3242 308 3284 Nec
332 3246 484 3296 potest
506 3256 603 3284 non
627 3256 726 3285 esse
750 3245 1013 3286 Archiuum
1040 3245 1158 3286 illud
1189 3259 1308 3300 opus
1339 3246 1471 3287 cuius
1501 3249 1719 3299 excerpta
1742 3244 1972 3286 habemus
1997 3245 2045 3284 in
2070 3243 2193 3284 foliis

130 3319 341 3374 quinque
371 3320 538 3373 primis
572 3320 749 3362 codicis
782 3321 875 3373 Md,
911 3335 1186 3376 quanquam
1217 3322 1429 3364 Ordosiez
1469 3322 1660 3362 initium
1693 3335 1791 3363 non
1824 3321 2029 3375 repperit
2061 3324 2103 3361 et
2137 3319 2192 3360 de

129 3395 267 3437 titulo
304 3397 458 3450 potuit
493 3410 661 3439 errare.
706 3398 836 3449 Nam,
867 3402 918 3439 ut
949 3399 1011 3440 ita
1044 3398 1216 3450 dicam,
1258 3399 1424 3441 faciem
1466 3399 1606 3440 habet
1643 3412 1785 3453 quam
1825 3399 1923 3452 ipse
1959 3397 2191 3438 Iohannes

130 3472 343 3527 depingit
371 3473 420 3514 in
450 3478 657 3516 extrema
692 3474 847 3517 littera
870 3477 904 3516 A
937 3474 1064 3516 Libri
1093 3475 1351 3517 illustrium
1382 3488 1692 3530 personarum
1725 3475 1853 3529 (uide
1887 3487 1931 3528 p.
1967 3473 2040 3521 42)
2071 3475 2113 3513 et
2142 3472 2190 3512 in

216 3607 243 3626 ι.
269 3605 285 3625 ((
301 3595 348 3626 No
364 3595 478 3627 volvic')
496 3595 513 3627 a
529 3597 591 3627 dar
607 3596 625 3627 a
640 3598 807 3628 entender
829 3598 865 3628 ni
889 3598 1043 3636 siquiera
1059 3607 1126 3637 que
1142 3597 1233 3629 sabia
1250 3607 1292 3629 en
1309 3607 1378 3637 que
1396 3606 1490 3628 mare
1513 3606 1684 3636 magnum
1700 3597 1833 3628 andaba
1851 3595 2038 3633 engolsado
2055 3604 2095 3624 su
2113 3593 2160 3624 tio
2175 3604 2192 3622 ι)

131 3642 239 3680 (Juan
256 3644 389 3681 Valera,
408 3645 503 3674 Dona
520 3644 600 3682 Luz,
618 3644 702 3683 xn).
