<?xml version="1.0" encoding="UTF-8"?>
<!DOCTYPE html PUBLIC "-//W3C//DTD XHTML 1.0 Transitional//EN"
    "http://www.w3.org/TR/xhtml1/DTD/xhtml1-transitional.dtd">
<html xmlns="http://www.w3.org/1999/xhtml" xml:lang="en" lang="en">
 <head>
  <title>
</title>
<meta http-equiv="Content-Type" content="text/html;charset=utf-8" />
  <meta name='ocr-system' content='tesseract 3.04.00' />
  <meta name='ocr-capabilities' content='ocr_page ocr_carea ocr_par ocr_line ocrx_word'/>
</head>
<body>
  <div class='ocr_page' id='page_1' title='image "./deoperibushistor00cirouoft_0064.png"; bbox 0 0 2405 4009; ppageno 0'>
   <div class='ocr_carea' id='block_1_1' title="bbox 204 280 1709 321">
    <p class='ocr_par' dir='ltr' id='par_1_1' title="bbox 204 280 1709 321">
     <span class='ocr_line' id='line_1_1' title="bbox 204 280 1709 321; baseline 0.001 -15"><span class='ocrx_word' id='word_1_1' title='bbox 204 280 250 321; x_wconf 49' lang='lat'>5-‘3</span> <span class='ocrx_word' id='word_1_2' title='bbox 732 285 829 317; x_wconf 57' lang='lat'>‘3⁸¹¹’</span> <span class='ocrx_word' id='word_1_3' title='bbox 860 284 904 309; x_wconf 68' lang='lat' dir='ltr'>Ex</span> <span class='ocrx_word' id='word_1_4' title='bbox 938 283 1043 309; x_wconf 61' lang='lat' dir='ltr'>sun·</span> <span class='ocrx_word' id='word_1_5' title='bbox 1073 282 1251 308; x_wconf 66' lang='lat' dir='ltr'>scalpris</span> <span class='ocrx_word' id='word_1_6' title='bbox 1283 283 1411 308; x_wconf 76' lang='lat' dir='ltr'>uenis</span> <span class='ocrx_word' id='word_1_7' title='bbox 1442 282 1709 308; x_wconf 70' lang='lat' dir='ltr'>vsncwurvn</span> 
     </span>
    </p>
   </div>
   <div class='ocr_carea' id='block_1_2' title="bbox 201 370 2254 657">
    <p class='ocr_par' dir='ltr' id='par_1_2' title="bbox 201 370 2254 657">
     <span class='ocr_line' id='line_1_2' title="bbox 201 370 2254 428; baseline -0.002 -9"><span class='ocrx_word' id='word_1_8' title='bbox 201 383 409 419; x_wconf 82' lang='lat' dir='ltr'>extremo</span> <span class='ocrx_word' id='word_1_9' title='bbox 426 377 588 418; x_wconf 72' lang='lat' dir='ltr'>emlem</span> <span class='ocrx_word' id='word_1_10' title='bbox 609 374 728 415; x_wconf 91' lang='lat' dir='ltr'>libro</span> <span class='ocrx_word' id='word_1_11' title='bbox 747 373 874 424; x_wconf 64' lang='lat' dir='ltr'>(uide</span> <span class='ocrx_word' id='word_1_12' title='bbox 894 387 936 428; x_wconf 92' lang='lat' dir='ltr'>p.</span> <span class='ocrx_word' id='word_1_13' title='bbox 961 374 1046 428; x_wconf 55' lang='lat'>46).</span> <span class='ocrx_word' id='word_1_14' title='bbox 1077 372 1197 414; x_wconf 80' lang='lat' dir='ltr'>Licet</span> <span class='ocrx_word' id='word_1_15' title='bbox 1221 372 1364 424; x_wconf 69' lang='lat' dir='ltr'>igitur</span> <span class='ocrx_word' id='word_1_16' title='bbox 1388 370 1620 412; x_wconf 69' lang='lat' dir='ltr'>Arehiuus</span> <span class='ocrx_word' id='word_1_17' title='bbox 1640 371 1738 412; x_wconf 89' lang='lat' dir='ltr'>siue</span> <span class='ocrx_word' id='word_1_18' title='bbox 1762 371 2030 413; x_wconf 81' lang='lat' dir='ltr'>Armarium</span> <span class='ocrx_word' id='word_1_19' title='bbox 2055 372 2254 427; x_wconf 89' lang='lat' dir='ltr'>scriptu·</span> 
     </span>
     <span class='ocr_line' id='line_1_3' title="bbox 204 446 2250 503; baseline -0.002 -8"><span class='ocrx_word' id='word_1_20' title='bbox 204 468 359 496; x_wconf 83' lang='lat' dir='ltr'>rarum</span> <span class='ocrx_word' id='word_1_21' title='bbox 391 454 488 493; x_wconf 78' lang='lat' dir='ltr'>siue</span> <span class='ocrx_word' id='word_1_22' title='bbox 518 451 638 492; x_wconf 74' lang='lat' dir='ltr'>Mare</span> <span class='ocrx_word' id='word_1_23' title='bbox 669 463 896 503; x_wconf 74' lang='lat' dir='ltr'>inagnum</span> <span class='ocrx_word' id='word_1_24' title='bbox 926 449 1127 490; x_wconf 89' lang='lat' dir='ltr'>discerni</span> <span class='ocrx_word' id='word_1_25' title='bbox 1159 449 1215 489; x_wconf 87' lang='lat' dir='ltr'>ab</span> <span class='ocrx_word' id='word_1_26' title='bbox 1247 448 1448 489; x_wconf 73' lang='lat' dir='ltr'>Historia</span> <span class='ocrx_word' id='word_1_27' title='bbox 1482 446 1680 488; x_wconf 86' lang='lat' dir='ltr'>naturali</span> <span class='ocrx_word' id='word_1_28' title='bbox 1714 448 1943 489; x_wconf 85' lang='lat' dir='ltr'>canonica</span> <span class='ocrx_word' id='word_1_29' title='bbox 1972 452 2016 490; x_wconf 89' lang='lat' dir='ltr'>et</span> <span class='ocrx_word' id='word_1_30' title='bbox 2047 448 2177 490; x_wconf 90' lang='lat' dir='ltr'>ciuili</span> <span class='ocrx_word' id='word_1_31' title='bbox 2201 449 2250 491; x_wconf 91' lang='lat' dir='ltr'>in</span> 
     </span>
     <span class='ocr_line' id='line_1_4' title="bbox 203 523 2252 578; baseline -0.003 -5"><span class='ocrx_word' id='word_1_32' title='bbox 203 532 338 574; x_wconf 84' lang='lat' dir='ltr'>Libro</span> <span class='ocrx_word' id='word_1_33' title='bbox 368 531 422 571; x_wconf 90' lang='lat' dir='ltr'>de</span> <span class='ocrx_word' id='word_1_34' title='bbox 462 528 726 569; x_wconf 78' lang='lat' dir='ltr'>l‘raeconiis</span> <span class='ocrx_word' id='word_1_35' title='bbox 755 527 959 567; x_wconf 75' lang='lat' dir='ltr'>ciuitatis</span> <span class='ocrx_word' id='word_1_36' title='bbox 990 526 1300 566; x_wconf 70' lang='lat' dir='ltr'>Numantinae</span> <span class='ocrx_word' id='word_1_37' title='bbox 1337 524 1567 569; x_wconf 80' lang='lat' dir='ltr'>uideatur.</span> <span class='ocrx_word' id='word_1_38' title='bbox 1600 523 1724 565; x_wconf 90' lang='lat' dir='ltr'>idem</span> <span class='ocrx_word' id='word_1_39' title='bbox 1758 537 1877 578; x_wconf 89' lang='lat' dir='ltr'>opus</span> <span class='ocrx_word' id='word_1_40' title='bbox 1910 537 2026 576; x_wconf 90' lang='lat' dir='ltr'>esse,</span> <span class='ocrx_word' id='word_1_41' title='bbox 2063 524 2252 567; x_wconf 90' lang='lat' dir='ltr'>nullum</span> 
     </span>
     <span class='ocr_line' id='line_1_5' title="bbox 202 601 1868 657; baseline -0.005 -8"><span class='ocrx_word' id='word_1_42' title='bbox 202 614 363 650; x_wconf 71' lang='lat' dir='ltr'>testem</span> <span class='ocrx_word' id='word_1_43' title='bbox 389 606 476 647; x_wconf 83' lang='lat' dir='ltr'>nisi</span> <span class='ocrx_word' id='word_1_44' title='bbox 505 604 762 646; x_wconf 81' lang='lat' dir='ltr'>Iohannem</span> <span class='ocrx_word' id='word_1_45' title='bbox 789 604 942 657; x_wconf 81' lang='lat' dir='ltr'>ipsum</span> <span class='ocrx_word' id='word_1_46' title='bbox 967 602 1287 657; x_wconf 77' lang='lat' dir='ltr'>producendo,</span> <span class='ocrx_word' id='word_1_47' title='bbox 1316 601 1500 655; x_wconf 86' lang='lat' dir='ltr'>probari</span> <span class='ocrx_word' id='word_1_48' title='bbox 1526 613 1662 654; x_wconf 86' lang='lat' dir='ltr'>posse</span> <span class='ocrx_word' id='word_1_49' title='bbox 1684 613 1868 642; x_wconf 88' lang='lat' dir='ltr'>censeo.</span> 
     </span>
    </p>
   </div>
   <div class='ocr_carea' id='block_1_3' title="bbox 199 752 2254 962">
    <p class='ocr_par' dir='ltr' id='par_1_3' title="bbox 199 752 2254 962">
     <span class='ocr_line' id='line_1_6' title="bbox 291 752 2253 809; baseline -0.002 -8"><span class='ocrx_word' id='word_1_50' title='bbox 291 761 496 802; x_wconf 73' lang='lat' dir='ltr'>llisronu</span> <span class='ocrx_word' id='word_1_51' title='bbox 526 772 775 799; x_wconf 60' lang='lat' dir='ltr'>miximus.</span> <span class='ocrx_word' id='word_1_52' title='bbox 799 781 853 787; x_wconf 88' lang='lat'>—</span> <span class='ocrx_word' id='word_1_53' title='bbox 880 756 1069 796; x_wconf 80' lang='lat' dir='ltr'>Diuersa</span> <span class='ocrx_word' id='word_1_54' title='bbox 1096 760 1160 796; x_wconf 74' lang='lat' dir='ltr'>est</span> <span class='ocrx_word' id='word_1_55' title='bbox 1195 755 1251 795; x_wconf 88' lang='lat' dir='ltr'>ab</span> <span class='ocrx_word' id='word_1_56' title='bbox 1292 754 1497 795; x_wconf 65' lang='lat' dir='ltr'>Archino</span> <span class='ocrx_word' id='word_1_57' title='bbox 1530 753 1760 809; x_wconf 82' lang='lat' dir='ltr'>quaedam</span> <span class='ocrx_word' id='word_1_58' title='bbox 1797 752 1998 795; x_wconf 76' lang='lat' dir='ltr'>Historia</span> <span class='ocrx_word' id='word_1_59' title='bbox 2028 755 2253 798; x_wconf 80' lang='lat' dir='ltr'>naturalis</span> 
     </span>
     <span class='ocr_line' id='line_1_7' title="bbox 199 829 2254 893; baseline -0.002 -14"><span class='ocrx_word' id='word_1_60' title='bbox 199 853 339 893; x_wconf 80' lang='lat' dir='ltr'>quain</span> <span class='ocrx_word' id='word_1_61' title='bbox 368 838 435 877; x_wconf 84' lang='lat' dir='ltr'>bis</span> <span class='ocrx_word' id='word_1_62' title='bbox 461 835 599 876; x_wconf 82' lang='lat' dir='ltr'>simul</span> <span class='ocrx_word' id='word_1_63' title='bbox 631 839 765 888; x_wconf 86' lang='lat' dir='ltr'>atque</span> <span class='ocrx_word' id='word_1_64' title='bbox 799 833 912 873; x_wconf 85' lang='lat' dir='ltr'>illud</span> <span class='ocrx_word' id='word_1_65' title='bbox 944 846 1061 886; x_wconf 77' lang='lat' dir='ltr'>opus</span> <span class='ocrx_word' id='word_1_66' title='bbox 1097 832 1327 872; x_wconf 80' lang='lat' dir='ltr'>lohannes</span> <span class='ocrx_word' id='word_1_67' title='bbox 1362 832 1407 871; x_wconf 92' lang='lat' dir='ltr'>in</span> <span class='ocrx_word' id='word_1_68' title='bbox 1448 830 1584 872; x_wconf 90' lang='lat' dir='ltr'>Libro</span> <span class='ocrx_word' id='word_1_69' title='bbox 1618 830 1673 871; x_wconf 86' lang='lat' dir='ltr'>‹le</span> <span class='ocrx_word' id='word_1_70' title='bbox 1707 829 1971 871; x_wconf 86' lang='lat' dir='ltr'>l‘raeconiis</span> <span class='ocrx_word' id='word_1_71' title='bbox 2006 831 2254 886; x_wconf 77' lang='lat' dir='ltr'>Hispaniae</span> 
     </span>
     <span class='ocr_line' id='line_1_8' title="bbox 200 907 2252 962; baseline -0.002 -7"><span class='ocrx_word' id='word_1_72' title='bbox 200 918 307 955; x_wconf 79' lang='lat' dir='ltr'>citat</span> <span class='ocrx_word' id='word_1_73' title='bbox 336 914 434 955; x_wconf 64' lang='lat' dir='ltr'>«sol.</span> <span class='ocrx_word' id='word_1_74' title='bbox 473 914 495 952; x_wconf 82' lang='grc'>3</span> <span class='ocrx_word' id='word_1_75' title='bbox 527 912 627 952; x_wconf 74' lang='lat' dir='ltr'>eod.</span> <span class='ocrx_word' id='word_1_76' title='bbox 665 911 710 951; x_wconf 73' lang='lat' dir='ltr'>l‘·</span> <span class='ocrx_word' id='word_1_77' title='bbox 736 925 741 949; x_wconf 81' lang='lat' dir='ltr'><em>z</em></span> <span class='ocrx_word' id='word_1_78' title='bbox 775 930 789 944; x_wconf 66' lang='grc' dir='ltr'>«ι</span> <span class='ocrx_word' id='word_1_79' title='bbox 894 925 914 948; x_wconf 82' lang='lat' dir='ltr'>a</span> <span class='ocrx_word' id='word_1_80' title='bbox 949 909 1112 961; x_wconf 70' lang='lat' dir='ltr'>galatis</span> <span class='ocrx_word' id='word_1_81' title='bbox 1136 908 1329 961; x_wconf 76' lang='lat' dir='ltr'>gallecia</span> <span class='ocrx_word' id='word_1_82' title='bbox 1354 908 1518 962; x_wconf 90' lang='lat' dir='ltr'>quinta</span> <span class='ocrx_word' id='word_1_83' title='bbox 1548 908 1785 961; x_wconf 83' lang='lat' dir='ltr'>prouintia</span> <span class='ocrx_word' id='word_1_84' title='bbox 1819 907 2047 961; x_wconf 64' lang='lat' dir='ltr'>hyspanie</span> <span class='ocrx_word' id='word_1_85' title='bbox 2078 921 2252 950; x_wconf 89' lang='lat' dir='ltr'>nomen</span> 
     </span>
    </p>
   </div>
   <div class='ocr_carea' id='block_1_4' title="bbox 188 983 2314 3651">
    <p class='ocr_par' dir='ltr' id='par_1_4' title="bbox 195 983 2314 1656">
     <span class='ocr_line' id='line_1_9' title="bbox 198 983 2253 1045; baseline -0.002 -13"><span class='ocrx_word' id='word_1_86' title='bbox 198 993 370 1045; x_wconf 79' lang='lat' dir='ltr'>aceepit</span> <span class='ocrx_word' id='word_1_87' title='bbox 403 990 503 1030; x_wconf 79' lang='lat' dir='ltr'>lieet</span> <span class='ocrx_word' id='word_1_88' title='bbox 537 989 593 1029; x_wconf 91' lang='lat' dir='ltr'>ab</span> <span class='ocrx_word' id='word_1_89' title='bbox 621 987 856 1040; x_wconf 73' lang='lat' dir='ltr'>aliquibus</span> <span class='ocrx_word' id='word_1_90' title='bbox 880 985 966 1025; x_wconf 88' lang='lat' dir='ltr'>alia</span> <span class='ocrx_word' id='word_1_91' title='bbox 992 999 1126 1026; x_wconf 84' lang='lat' dir='ltr'>eausa</span> <span class='ocrx_word' id='word_1_92' title='bbox 1153 985 1252 1026; x_wconf 87' lang='lat' dir='ltr'>eius</span> <span class='ocrx_word' id='word_1_93' title='bbox 1284 985 1492 1025; x_wconf 82' lang='lat' dir='ltr'>nominis</span> <span class='ocrx_word' id='word_1_94' title='bbox 1522 985 1787 1037; x_wconf 74' lang='lat' dir='ltr'>assignetur</span> <span class='ocrx_word' id='word_1_95' title='bbox 1816 984 1936 1024; x_wconf 89' lang='lat' dir='ltr'>sicut</span> <span class='ocrx_word' id='word_1_96' title='bbox 1968 984 2014 1024; x_wconf 92' lang='lat' dir='ltr'>in</span> <span class='ocrx_word' id='word_1_97' title='bbox 2046 983 2167 1026; x_wconf 92' lang='lat' dir='ltr'>libro</span> <span class='ocrx_word' id='word_1_98' title='bbox 2196 983 2253 1027; x_wconf 91' lang='lat' dir='ltr'>de</span> 
     </span>
     <span class='ocr_line' id='line_1_10' title="bbox 199 1059 2253 1119; baseline -0.003 -10"><span class='ocrx_word' id='word_1_99' title='bbox 199 1067 396 1109; x_wconf 88' lang='lat' dir='ltr'>naturali</span> <span class='ocrx_word' id='word_1_100' title='bbox 424 1066 628 1119; x_wconf 55' lang='lat' dir='ltr'>instoria</span> <span class='ocrx_word' id='word_1_101' title='bbox 655 1064 736 1103; x_wconf 86' lang='lat' dir='ltr'>suit</span> <span class='ocrx_word' id='word_1_102' title='bbox 761 1063 940 1103; x_wconf 86' lang='lat' dir='ltr'>dietum</span> <span class='ocrx_word' id='word_1_103' title='bbox 968 1076 987 1101; x_wconf 73' lang='grc' dir='ltr'>τ,</span> <span class='ocrx_word' id='word_1_104' title='bbox 1016 1063 1061 1102; x_wconf 85' lang='grc' dir='ltr'>ἰιι</span> <span class='ocrx_word' id='word_1_105' title='bbox 1094 1061 1215 1101; x_wconf 79' lang='lat' dir='ltr'>libro</span> <span class='ocrx_word' id='word_1_106' title='bbox 1247 1065 1409 1101; x_wconf 88' lang='lat' dir='ltr'>nostro</span> <span class='ocrx_word' id='word_1_107' title='bbox 1440 1061 1573 1101; x_wconf 86' lang='lat' dir='ltr'>cuius</span> <span class='ocrx_word' id='word_1_108' title='bbox 1605 1059 1769 1101; x_wconf 88' lang='lat' dir='ltr'>titulus</span> <span class='ocrx_word' id='word_1_109' title='bbox 1799 1064 1867 1101; x_wconf 87' lang='lat' dir='ltr'>est</span> <span class='ocrx_word' id='word_1_110' title='bbox 1898 1060 2122 1102; x_wconf 85' lang='lat' dir='ltr'>archiuus</span> <span class='ocrx_word' id='word_1_111' title='bbox 2153 1061 2253 1104; x_wconf 80' lang='lat' dir='ltr'>siue</span> 
     </span>
     <span class='ocr_line' id='line_1_11' title="bbox 197 1135 2314 1195; baseline -0.003 -10"><span class='ocrx_word' id='word_1_112' title='bbox 197 1145 451 1186; x_wconf 79' lang='lat' dir='ltr'>armarium</span> <span class='ocrx_word' id='word_1_113' title='bbox 489 1143 824 1195; x_wconf 67' lang='lat' dir='ltr'>seripturarum</span> <span class='ocrx_word' id='word_1_114' title='bbox 868 1154 886 1177; x_wconf 71' lang='grc' dir='ltr'>ι’.</span> <span class='ocrx_word' id='word_1_115' title='bbox 921 1139 966 1179; x_wconf 94' lang='lat' dir='ltr'>in</span> <span class='ocrx_word' id='word_1_116' title='bbox 1002 1137 1120 1178; x_wconf 92' lang='lat' dir='ltr'>libro</span> <span class='ocrx_word' id='word_1_117' title='bbox 1155 1137 1210 1178; x_wconf 82' lang='lat' dir='ltr'>‹le</span> <span class='ocrx_word' id='word_1_118' title='bbox 1243 1137 1443 1178; x_wconf 85' lang='lat' dir='ltr'>etatibus</span> <span class='ocrx_word' id='word_1_119' title='bbox 1475 1137 1695 1178; x_wconf 82' lang='lat' dir='ltr'>mundi...</span> <span class='ocrx_word' id='word_1_120' title='bbox 1725 1153 1763 1182; x_wconf 70' lang='grc' dir='ltr'>υ,</span> <span class='ocrx_word' id='word_1_121' title='bbox 1789 1141 1831 1178; x_wconf 88' lang='lat' dir='ltr'>et</span> <span class='ocrx_word' id='word_1_122' title='bbox 1865 1137 1984 1177; x_wconf 79' lang='lat' dir='ltr'>infra</span> <span class='ocrx_word' id='word_1_123' title='bbox 2021 1135 2153 1192; x_wconf 83' lang='lat' dir='ltr'>(solio</span> <span class='ocrx_word' id='word_1_124' title='bbox 2178 1138 2255 1195; x_wconf 88' lang='lat'>70)</span> <span class='ocrx_word' id='word_1_125' title='bbox 2310 1163 2314 1167; x_wconf 38' lang='grc' dir='ltr'><strong><em>ν</em></strong></span> 
     </span>
     <span class='ocr_line' id='line_1_12' title="bbox 201 1213 2253 1269; baseline -0.002 -8"><span class='ocrx_word' id='word_1_126' title='bbox 201 1244 215 1255; x_wconf 80' lang='lat'>··</span> <span class='ocrx_word' id='word_1_127' title='bbox 242 1222 296 1261; x_wconf 84' lang='lat' dir='ltr'>de</span> <span class='ocrx_word' id='word_1_128' title='bbox 320 1220 554 1269; x_wconf 62' lang='lat' dir='ltr'>cartagine</span> <span class='ocrx_word' id='word_1_129' title='bbox 577 1230 688 1257; x_wconf 84' lang='lat' dir='ltr'>uero</span> <span class='ocrx_word' id='word_1_130' title='bbox 714 1230 880 1269; x_wconf 75' lang='lat' dir='ltr'>inagna</span> <span class='ocrx_word' id='word_1_131' title='bbox 915 1229 934 1253; x_wconf 74' lang='grc' dir='ltr'>τ.</span> <span class='ocrx_word' id='word_1_132' title='bbox 962 1214 1066 1255; x_wconf 89' lang='lat' dir='ltr'>aliis</span> <span class='ocrx_word' id='word_1_133' title='bbox 1100 1214 1368 1255; x_wconf 85' lang='lat' dir='ltr'>ciuitatibus</span> <span class='ocrx_word' id='word_1_134' title='bbox 1403 1214 1551 1254; x_wconf 85' lang='lat' dir='ltr'>tocius</span> <span class='ocrx_word' id='word_1_135' title='bbox 1586 1213 1752 1254; x_wconf 89' lang='lat' dir='ltr'>mundi</span> <span class='ocrx_word' id='word_1_136' title='bbox 1780 1227 1800 1253; x_wconf 70' lang='lat' dir='ltr'>c</span> <span class='ocrx_word' id='word_1_137' title='bbox 1833 1213 2094 1268; x_wconf 87' lang='lat' dir='ltr'>prouinciis</span> <span class='ocrx_word' id='word_1_138' title='bbox 2127 1214 2253 1256; x_wconf 83' lang='lat' dir='ltr'>suffi-</span> 
     </span>
     <span class='ocr_line' id='line_1_13' title="bbox 195 1289 2252 1344; baseline -0.003 -5"><span class='ocrx_word' id='word_1_139' title='bbox 195 1300 370 1339; x_wconf 84' lang='lat' dir='ltr'>cienter</span> <span class='ocrx_word' id='word_1_140' title='bbox 393 1296 569 1336; x_wconf 80' lang='lat' dir='ltr'>dietum</span> <span class='ocrx_word' id='word_1_141' title='bbox 596 1294 680 1334; x_wconf 87' lang='lat' dir='ltr'>suit</span> <span class='ocrx_word' id='word_1_142' title='bbox 703 1294 748 1333; x_wconf 95' lang='lat' dir='ltr'>in</span> <span class='ocrx_word' id='word_1_143' title='bbox 778 1293 896 1333; x_wconf 92' lang='lat' dir='ltr'>libro</span> <span class='ocrx_word' id='word_1_144' title='bbox 922 1296 1080 1333; x_wconf 76' lang='lat' dir='ltr'>nostro</span> <span class='ocrx_word' id='word_1_145' title='bbox 1105 1291 1160 1332; x_wconf 94' lang='lat' dir='ltr'>de</span> <span class='ocrx_word' id='word_1_146' title='bbox 1186 1291 1393 1344; x_wconf 68' lang='lat' dir='ltr'>hystoria</span> <span class='ocrx_word' id='word_1_147' title='bbox 1419 1289 1619 1331; x_wconf 86' lang='lat' dir='ltr'>naturali</span> <span class='ocrx_word' id='word_1_148' title='bbox 1646 1304 1666 1331; x_wconf 77' lang='lat' dir='ltr'><strong><em>z</em></strong></span> <span class='ocrx_word' id='word_1_149' title='bbox 1695 1291 1741 1331; x_wconf 93' lang='lat' dir='ltr'>in</span> <span class='ocrx_word' id='word_1_150' title='bbox 1772 1289 1892 1331; x_wconf 87' lang='lat' dir='ltr'>libro</span> <span class='ocrx_word' id='word_1_151' title='bbox 1926 1290 2059 1332; x_wconf 89' lang='lat' dir='ltr'>cuius</span> <span class='ocrx_word' id='word_1_152' title='bbox 2089 1290 2252 1333; x_wconf 83' lang='lat' dir='ltr'>titulus</span> 
     </span>
     <span class='ocr_line' id='line_1_14' title="bbox 195 1353 2256 1423; baseline -0.003 -7"><span class='ocrx_word' id='word_1_153' title='bbox 195 1380 261 1417; x_wconf 81' lang='lat' dir='ltr'>est</span> <span class='ocrx_word' id='word_1_154' title='bbox 285 1373 539 1415; x_wconf 72' lang='lat' dir='ltr'>arm-urium</span> <span class='ocrx_word' id='word_1_155' title='bbox 565 1370 918 1423; x_wconf 78' lang='lat' dir='ltr'>scripturarum.</span> <span class='ocrx_word' id='word_1_156' title='bbox 947 1386 963 1402; x_wconf 65' lang='lat' dir='ltr'>v·</span> <span class='ocrx_word' id='word_1_157' title='bbox 1000 1368 1086 1418; x_wconf 80' lang='lat' dir='ltr'>Qui</span> <span class='ocrx_word' id='word_1_158' title='bbox 1123 1367 1252 1408; x_wconf 87' lang='lat' dir='ltr'>locus</span> <span class='ocrx_word' id='word_1_159' title='bbox 1288 1367 1412 1408; x_wconf 91' lang='lat' dir='ltr'>idem</span> <span class='ocrx_word' id='word_1_160' title='bbox 1442 1380 1540 1408; x_wconf 88' lang='lat' dir='ltr'>esse</span> <span class='ocrx_word' id='word_1_161' title='bbox 1571 1366 1708 1408; x_wconf 92' lang='lat' dir='ltr'>debet</span> <span class='ocrx_word' id='word_1_162' title='bbox 1736 1370 1874 1421; x_wconf 89' lang='lat' dir='ltr'>atque</span> <span class='ocrx_word' id='word_1_163' title='bbox 1906 1353 1943 1407; x_wconf 86' lang='lat' dir='ltr'>is&#39;</span> <span class='ocrx_word' id='word_1_164' title='bbox 1971 1379 2114 1421; x_wconf 91' lang='lat' dir='ltr'>quem</span> <span class='ocrx_word' id='word_1_165' title='bbox 2145 1367 2256 1410; x_wconf 86' lang='lat' dir='ltr'>citat</span> 
     </span>
     <span class='ocr_line' id='line_1_15' title="bbox 201 1443 2255 1500; baseline -0.003 -7"><span class='ocrx_word' id='word_1_166' title='bbox 201 1451 403 1493; x_wconf 73' lang='lat' dir='ltr'>Antonio</span> <span class='ocrx_word' id='word_1_167' title='bbox 433 1448 566 1497; x_wconf 68' lang='lat' dir='ltr'>(nim.</span> <span class='ocrx_word' id='word_1_168' title='bbox 603 1447 723 1500; x_wconf 83' lang='lat' dir='ltr'>hisp.</span> <span class='ocrx_word' id='word_1_169' title='bbox 756 1450 848 1487; x_wconf 84' lang='lat' dir='ltr'>uet.</span> <span class='ocrx_word' id='word_1_170' title='bbox 886 1446 962 1485; x_wconf 94' lang='lat' dir='ltr'>lib.</span> <span class='ocrx_word' id='word_1_171' title='bbox 1010 1444 1082 1486; x_wconf 79' lang='lat' dir='ltr'>lx.</span> <span class='ocrx_word' id='word_1_172' title='bbox 1118 1458 1250 1484; x_wconf 90' lang='lat' dir='ltr'>num.</span> <span class='ocrx_word' id='word_1_173' title='bbox 1294 1443 1379 1499; x_wconf 61' lang='grc' dir='ltr'>ις),</span> <span class='ocrx_word' id='word_1_174' title='bbox 1416 1443 1680 1485; x_wconf 88' lang='lat' dir='ltr'>truncando</span> <span class='ocrx_word' id='word_1_175' title='bbox 1709 1443 1902 1498; x_wconf 91' lang='lat' dir='ltr'>quidem</span> <span class='ocrx_word' id='word_1_176' title='bbox 1931 1447 1976 1485; x_wconf 88' lang='lat' dir='ltr'>et</span> <span class='ocrx_word' id='word_1_177' title='bbox 2003 1443 2060 1486; x_wconf 89' lang='lat' dir='ltr'>ad</span> <span class='ocrx_word' id='word_1_178' title='bbox 2089 1447 2255 1486; x_wconf 84' lang='lat' dir='ltr'>tracta-</span> 
     </span>
     <span class='ocr_line' id='line_1_16' title="bbox 198 1518 2252 1573; baseline -0.003 -4"><span class='ocrx_word' id='word_1_179' title='bbox 198 1535 296 1570; x_wconf 85' lang='lat' dir='ltr'>tum</span> <span class='ocrx_word' id='word_1_180' title='bbox 329 1526 439 1567; x_wconf 48' lang='lat' dir='ltr'>Vlum</span> <span class='ocrx_word' id='word_1_181' title='bbox 473 1522 750 1565; x_wconf 73' lang='lat' dir='ltr'>remittendo</span> <span class='ocrx_word' id='word_1_182' title='bbox 781 1521 1002 1562; x_wconf 87' lang='lat' dir='ltr'>lectorem</span> <span class='ocrx_word' id='word_1_183' title='bbox 1037 1533 1145 1560; x_wconf 86' lang='lat' dir='ltr'>eum</span> <span class='ocrx_word' id='word_1_184' title='bbox 1178 1519 1331 1560; x_wconf 87' lang='lat' dir='ltr'>dicere</span> <span class='ocrx_word' id='word_1_185' title='bbox 1362 1518 1550 1560; x_wconf 83' lang='lat' dir='ltr'><strong>deberet</strong></span> <span class='ocrx_word' id='word_1_186' title='bbox 1581 1519 1835 1573; x_wconf 90' lang='lat' dir='ltr'>septimum</span> <span class='ocrx_word' id='word_1_187' title='bbox 1860 1519 2007 1560; x_wconf 89' lang='lat' dir='ltr'>immo</span> <span class='ocrx_word' id='word_1_188' title='bbox 2031 1523 2252 1562; x_wconf 87' lang='lat' dir='ltr'>octauum</span> 
     </span>
     <span class='ocr_line' id='line_1_17' title="bbox 198 1600 692 1656; baseline -0.016 -9"><span class='ocrx_word' id='word_1_189' title='bbox 198 1605 325 1648; x_wconf 73' lang='lat' dir='ltr'>«uide</span> <span class='ocrx_word' id='word_1_190' title='bbox 351 1616 501 1656; x_wconf 77' lang='lat' dir='ltr'>supra.</span> <span class='ocrx_word' id='word_1_191' title='bbox 535 1615 574 1654; x_wconf 90' lang='lat' dir='ltr'>p.</span> <span class='ocrx_word' id='word_1_192' title='bbox 607 1600 692 1640; x_wconf 58' lang='lat' dir='ltr'>nol.</span> 
     </span>
    </p>

    <p class='ocr_par' dir='ltr' id='par_1_5' title="bbox 199 1672 2253 1807">
     <span class='ocr_line' id='line_1_18' title="bbox 289 1672 2253 1732; baseline -0.002 -12"><span class='ocrx_word' id='word_1_193' title='bbox 289 1680 365 1720; x_wconf 82' lang='lat' dir='ltr'>illa</span> <span class='ocrx_word' id='word_1_194' title='bbox 400 1691 537 1732; x_wconf 74' lang='lat' dir='ltr'>opera</span> <span class='ocrx_word' id='word_1_195' title='bbox 571 1677 829 1717; x_wconf 83' lang='lat' dir='ltr'>iohannem</span> <span class='ocrx_word' id='word_1_196' title='bbox 859 1675 1015 1728; x_wconf 90' lang='lat' dir='ltr'>ipsum</span> <span class='ocrx_word' id='word_1_197' title='bbox 1049 1674 1314 1715; x_wconf 86' lang='lat' dir='ltr'>discernere</span> <span class='ocrx_word' id='word_1_198' title='bbox 1338 1677 1463 1727; x_wconf 87' lang='lat' dir='ltr'>patet</span> <span class='ocrx_word' id='word_1_199' title='bbox 1492 1685 1586 1714; x_wconf 92' lang='lat' dir='ltr'>non</span> <span class='ocrx_word' id='word_1_200' title='bbox 1621 1676 1802 1714; x_wconf 90' lang='lat' dir='ltr'>tantum</span> <span class='ocrx_word' id='word_1_201' title='bbox 1837 1673 1885 1714; x_wconf 88' lang='lat' dir='ltr'>in</span> <span class='ocrx_word' id='word_1_202' title='bbox 1918 1677 2118 1729; x_wconf 87' lang='lat' dir='ltr'>utroque</span> <span class='ocrx_word' id='word_1_203' title='bbox 2148 1672 2253 1716; x_wconf 90' lang='lat' dir='ltr'>loco</span> 
     </span>
     <span class='ocr_line' id='line_1_19' title="bbox 199 1748 2250 1807; baseline -0.003 -8"><span class='ocrx_word' id='word_1_204' title='bbox 199 1759 340 1800; x_wconf 80' lang='lat' dir='ltr'>relato</span> <span class='ocrx_word' id='word_1_205' title='bbox 366 1756 441 1797; x_wconf 81' lang='lat' dir='ltr'>sed</span> <span class='ocrx_word' id='word_1_206' title='bbox 468 1756 606 1796; x_wconf 86' lang='lat' dir='ltr'>etiarn</span> <span class='ocrx_word' id='word_1_207' title='bbox 633 1754 679 1794; x_wconf 94' lang='lat' dir='ltr'>in</span> <span class='ocrx_word' id='word_1_208' title='bbox 702 1756 905 1794; x_wconf 76' lang='lat' dir='ltr'>extrema</span> <span class='ocrx_word' id='word_1_209' title='bbox 930 1751 1141 1792; x_wconf 88' lang='lat' dir='ltr'>oratione</span> <span class='ocrx_word' id='word_1_210' title='bbox 1173 1750 1297 1791; x_wconf 83' lang='lat' dir='ltr'>Libri</span> <span class='ocrx_word' id='word_1_211' title='bbox 1321 1749 1577 1791; x_wconf 90' lang='lat' dir='ltr'>illustrium</span> <span class='ocrx_word' id='word_1_212' title='bbox 1605 1762 1911 1804; x_wconf 87' lang='lat' dir='ltr'>personarum</span> <span class='ocrx_word' id='word_1_213' title='bbox 1932 1749 2062 1806; x_wconf 89' lang='lat' dir='ltr'>(uide</span> <span class='ocrx_word' id='word_1_214' title='bbox 2083 1764 2129 1806; x_wconf 91' lang='lat' dir='ltr'>p.</span> <span class='ocrx_word' id='word_1_215' title='bbox 2157 1748 2250 1807; x_wconf 68' lang='grc'><strong>46).</strong></span> 
     </span>
    </p>

    <p class='ocr_par' dir='ltr' id='par_1_6' title="bbox 191 1826 2253 2348">
     <span class='ocr_line' id='line_1_20' title="bbox 286 1826 2253 1883; baseline -0.002 -10"><span class='ocrx_word' id='word_1_216' title='bbox 286 1833 361 1873; x_wconf 71' lang='lat' dir='ltr'>eu.</span> <span class='ocrx_word' id='word_1_217' title='bbox 393 1857 450 1863; x_wconf 95' lang='lat'>—</span> <span class='ocrx_word' id='word_1_218' title='bbox 470 1833 687 1873; x_wconf 86' lang='lat' dir='ltr'>Ceterum</span> <span class='ocrx_word' id='word_1_219' title='bbox 720 1833 841 1871; x_wconf 77' lang='lat' dir='ltr'>extat</span> <span class='ocrx_word' id='word_1_220' title='bbox 867 1842 972 1883; x_wconf 89' lang='lat' dir='ltr'>pars</span> <span class='ocrx_word' id='word_1_221' title='bbox 1004 1827 1161 1882; x_wconf 88' lang='lat' dir='ltr'>aliqua</span> <span class='ocrx_word' id='word_1_222' title='bbox 1187 1827 1328 1868; x_wconf 89' lang='lat' dir='ltr'>huius</span> <span class='ocrx_word' id='word_1_223' title='bbox 1353 1826 1581 1868; x_wconf 77' lang='lat' dir='ltr'>Historiae</span> <span class='ocrx_word' id='word_1_224' title='bbox 1606 1827 1832 1869; x_wconf 88' lang='lat' dir='ltr'>naturalis</span> <span class='ocrx_word' id='word_1_225' title='bbox 1860 1828 1908 1869; x_wconf 91' lang='lat' dir='ltr'>in</span> <span class='ocrx_word' id='word_1_226' title='bbox 1938 1827 2100 1870; x_wconf 90' lang='lat' dir='ltr'>codice</span> <span class='ocrx_word' id='word_1_227' title='bbox 2128 1840 2253 1870; x_wconf 86' lang='lat' dir='ltr'>esco-</span> 
     </span>
     <span class='ocr_line' id='line_1_21' title="bbox 196 1903 2252 1961; baseline -0.002 -9"><span class='ocrx_word' id='word_1_228' title='bbox 196 1911 381 1952; x_wconf 86' lang='lat' dir='ltr'>rialensi</span> <span class='ocrx_word' id='word_1_229' title='bbox 402 1909 594 1959; x_wconf 66' lang='grc' dir='ltr'>(Ρ-Ι-ιυ)</span> <span class='ocrx_word' id='word_1_230' title='bbox 616 1922 638 1948; x_wconf 91' lang='lat' dir='ltr'>e</span> <span class='ocrx_word' id='word_1_231' title='bbox 661 1906 955 1961; x_wconf 78' lang='lat' dir='ltr'>pergamino,</span> <span class='ocrx_word' id='word_1_232' title='bbox 985 1904 1100 1945; x_wconf 69' lang='lat' dir='ltr'><strong>XIV⁰</strong></span> <span class='ocrx_word' id='word_1_233' title='bbox 1125 1904 1311 1945; x_wconf 89' lang='lat' dir='ltr'>saeculo</span> <span class='ocrx_word' id='word_1_234' title='bbox 1334 1904 1590 1946; x_wconf 90' lang='lat' dir='ltr'>constituto</span> <span class='ocrx_word' id='word_1_235' title='bbox 1615 1903 1794 1945; x_wconf 74' lang='lat' dir='ltr'>LXXIII</span> <span class='ocrx_word' id='word_1_236' title='bbox 1817 1904 1957 1957; x_wconf 86' lang='lat' dir='ltr'>soliis,</span> <span class='ocrx_word' id='word_1_237' title='bbox 1984 1917 2094 1947; x_wconf 92' lang='lat' dir='ltr'>cum</span> <span class='ocrx_word' id='word_1_238' title='bbox 2116 1903 2252 1948; x_wconf 83' lang='lat' dir='ltr'>titulo</span> 
     </span>
     <span class='ocr_line' id='line_1_22' title="bbox 193 1980 2247 2037; baseline -0.003 -9"><span class='ocrx_word' id='word_1_239' title='bbox 193 2002 212 2028; x_wconf 87' lang='lat'>‹</span> <span class='ocrx_word' id='word_1_240' title='bbox 234 1988 365 2029; x_wconf 89' lang='lat' dir='ltr'>Liber</span> <span class='ocrx_word' id='word_1_241' title='bbox 390 1985 673 2027; x_wconf 89' lang='lat' dir='ltr'>naturalium</span> <span class='ocrx_word' id='word_1_242' title='bbox 696 1997 776 2037; x_wconf 91' lang='lat' dir='ltr'>per</span> <span class='ocrx_word' id='word_1_243' title='bbox 793 1982 1099 2036; x_wconf 75' lang='lat' dir='ltr'>alphabetum</span> <span class='ocrx_word' id='word_1_244' title='bbox 1124 1980 1275 2023; x_wconf 89' lang='lat' dir='ltr'>editus</span> <span class='ocrx_word' id='word_1_245' title='bbox 1294 1995 1317 2021; x_wconf 89' lang='lat' dir='ltr'>a</span> <span class='ocrx_word' id='word_1_246' title='bbox 1339 1981 1475 2022; x_wconf 82' lang='lat' dir='ltr'>fratre</span> <span class='ocrx_word' id='word_1_247' title='bbox 1499 1981 1706 2022; x_wconf 90' lang='lat' dir='ltr'>iohanne</span> <span class='ocrx_word' id='word_1_248' title='bbox 1729 1981 1871 2034; x_wconf 85' lang='lat' dir='ltr'>egidii</span> <span class='ocrx_word' id='word_1_249' title='bbox 1895 1993 2247 2023; x_wconf 80' lang='lat' dir='ltr'>zamorensem»</span> 
     </span>
     <span class='ocr_line' id='line_1_23' title="bbox 193 2057 2252 2114; baseline -0.003 -8"><span class='ocrx_word' id='word_1_250' title='bbox 193 2070 236 2106; x_wconf 88' lang='lat' dir='ltr'>et</span> <span class='ocrx_word' id='word_1_251' title='bbox 260 2065 345 2106; x_wconf 89' lang='lat' dir='ltr'>hac</span> <span class='ocrx_word' id='word_1_252' title='bbox 380 2063 681 2104; x_wconf 77' lang='lat' dir='ltr'>meditatione</span> <span class='ocrx_word' id='word_1_253' title='bbox 705 2061 803 2102; x_wconf 88' lang='lat' dir='ltr'>siue</span> <span class='ocrx_word' id='word_1_254' title='bbox 827 2059 1038 2114; x_wconf 89' lang='lat' dir='ltr'>proemio</span> <span class='ocrx_word' id='word_1_255' title='bbox 1069 2072 1076 2098; x_wconf 90' lang='lat'>:</span> <span class='ocrx_word' id='word_1_256' title='bbox 1108 2075 1125 2095; x_wconf 88' lang='lat'>«</span> <span class='ocrx_word' id='word_1_257' title='bbox 1156 2057 1323 2112; x_wconf 83' lang='lat' dir='ltr'>incipit</span> <span class='ocrx_word' id='word_1_258' title='bbox 1354 2058 1595 2099; x_wconf 89' lang='lat' dir='ltr'>meditatio</span> <span class='ocrx_word' id='word_1_259' title='bbox 1618 2057 1924 2112; x_wconf 85' lang='lat' dir='ltr'>prohemialis</span> <span class='ocrx_word' id='word_1_260' title='bbox 1952 2058 2000 2098; x_wconf 92' lang='lat' dir='ltr'>in</span> <span class='ocrx_word' id='word_1_261' title='bbox 2026 2057 2170 2100; x_wconf 89' lang='lat' dir='ltr'>libros</span> <span class='ocrx_word' id='word_1_262' title='bbox 2194 2057 2252 2100; x_wconf 91' lang='lat' dir='ltr'>de</span> 
     </span>
     <span class='ocr_line' id='line_1_24' title="bbox 194 2134 2251 2192; baseline -0.002 -9"><span class='ocrx_word' id='word_1_263' title='bbox 194 2142 387 2183; x_wconf 85' lang='lat' dir='ltr'>historia</span> <span class='ocrx_word' id='word_1_264' title='bbox 409 2138 607 2181; x_wconf 86' lang='lat' dir='ltr'>naturali</span> <span class='ocrx_word' id='word_1_265' title='bbox 628 2151 744 2192; x_wconf 84' lang='lat' dir='ltr'>quos</span> <span class='ocrx_word' id='word_1_266' title='bbox 764 2136 1025 2190; x_wconf 87' lang='lat' dir='ltr'>conpilauit</span> <span class='ocrx_word' id='word_1_267' title='bbox 1045 2135 1185 2177; x_wconf 84' lang='lat' dir='ltr'>frater</span> <span class='ocrx_word' id='word_1_268' title='bbox 1202 2135 1434 2176; x_wconf 89' lang='lat' dir='ltr'>iohannes</span> <span class='ocrx_word' id='word_1_269' title='bbox 1451 2134 1594 2189; x_wconf 85' lang='lat' dir='ltr'>egidii</span> <span class='ocrx_word' id='word_1_270' title='bbox 1614 2135 1778 2176; x_wconf 86' lang='lat' dir='ltr'>doctor</span> <span class='ocrx_word' id='word_1_271' title='bbox 1795 2134 1992 2176; x_wconf 83' lang='lat' dir='ltr'>fratrum</span> <span class='ocrx_word' id='word_1_272' title='bbox 2010 2135 2251 2178; x_wconf 85' lang='lat' dir='ltr'>minorum</span> 
     </span>
     <span class='ocr_line' id='line_1_25' title="bbox 193 2211 2252 2266; baseline -0.003 -6"><span class='ocrx_word' id='word_1_273' title='bbox 193 2218 536 2259; x_wconf 83' lang='lat' dir='ltr'>zamorensium</span> <span class='ocrx_word' id='word_1_274' title='bbox 556 2214 816 2257; x_wconf 90' lang='lat' dir='ltr'>secundum</span> <span class='ocrx_word' id='word_1_275' title='bbox 836 2213 1051 2254; x_wconf 89' lang='lat' dir='ltr'>ordinem</span> <span class='ocrx_word' id='word_1_276' title='bbox 1071 2212 1307 2266; x_wconf 84' lang='lat' dir='ltr'>alphabeti</span> <span class='ocrx_word' id='word_1_277' title='bbox 1327 2213 1503 2266; x_wconf 86' lang='lat' dir='ltr'>absque</span> <span class='ocrx_word' id='word_1_278' title='bbox 1522 2211 1773 2266; x_wconf 90' lang='lat' dir='ltr'>preiuditio</span> <span class='ocrx_word' id='word_1_279' title='bbox 1793 2212 2020 2254; x_wconf 88' lang='lat' dir='ltr'>sententie</span> <span class='ocrx_word' id='word_1_280' title='bbox 2043 2211 2252 2254; x_wconf 88' lang='lat' dir='ltr'>melioris</span> 
     </span>
     <span class='ocr_line' id='line_1_26' title="bbox 191 2288 2248 2348; baseline -0.002 -11"><span class='ocrx_word' id='word_1_281' title='bbox 191 2310 243 2337; x_wconf 85' lang='lat' dir='ltr'>ex</span> <span class='ocrx_word' id='word_1_282' title='bbox 263 2295 400 2336; x_wconf 86' lang='lat' dir='ltr'>dietis</span> <span class='ocrx_word' id='word_1_283' title='bbox 422 2292 815 2348; x_wconf 88' lang='lat' dir='ltr'>philosophorum</span> <span class='ocrx_word' id='word_1_284' title='bbox 835 2304 854 2330; x_wconf 76' lang='lat' dir='ltr'>z:</span> <span class='ocrx_word' id='word_1_285' title='bbox 875 2290 1154 2331; x_wconf 82' lang='lat' dir='ltr'>Sanctorum</span> <span class='ocrx_word' id='word_1_286' title='bbox 1177 2303 1197 2329; x_wconf 71' lang='lat' dir='ltr'><strong><em>z</em></strong></span> <span class='ocrx_word' id='word_1_287' title='bbox 1219 2289 1423 2330; x_wconf 88' lang='lat' dir='ltr'>aliorum</span> <span class='ocrx_word' id='word_1_288' title='bbox 1439 2289 1691 2329; x_wconf 90' lang='lat' dir='ltr'>hominum</span> <span class='ocrx_word' id='word_1_289' title='bbox 1711 2288 1977 2343; x_wconf 90' lang='lat' dir='ltr'>sapientum</span> <span class='ocrx_word' id='word_1_290' title='bbox 1992 2299 2021 2329; x_wconf 89' lang='lat'>¹.</span> <span class='ocrx_word' id='word_1_291' title='bbox 2038 2288 2170 2343; x_wconf 83' lang='lat' dir='ltr'>»(l&#39;ol.</span> <span class='ocrx_word' id='word_1_292' title='bbox 2186 2289 2248 2344; x_wconf 81' lang='lat'>2).</span> 
     </span>
    </p>

    <p class='ocr_par' dir='ltr' id='par_1_7' title="bbox 192 2365 2251 2490">
     <span class='ocr_line' id='line_1_27' title="bbox 283 2365 2251 2425; baseline -0.002 -13"><span class='ocrx_word' id='word_1_293' title='bbox 283 2372 412 2412; x_wconf 85' lang='lat' dir='ltr'>Illius</span> <span class='ocrx_word' id='word_1_294' title='bbox 456 2370 609 2425; x_wconf 86' lang='lat' dir='ltr'>operis</span> <span class='ocrx_word' id='word_1_295' title='bbox 655 2369 747 2408; x_wconf 89' lang='lat' dir='ltr'>iam</span> <span class='ocrx_word' id='word_1_296' title='bbox 792 2381 930 2421; x_wconf 87' lang='lat' dir='ltr'>supra</span> <span class='ocrx_word' id='word_1_297' title='bbox 976 2366 1184 2407; x_wconf 86' lang='lat' dir='ltr'>uidimus</span> <span class='ocrx_word' id='word_1_298' title='bbox 1227 2365 1355 2414; x_wconf 91' lang='lat' dir='ltr'>(uide</span> <span class='ocrx_word' id='word_1_299' title='bbox 1401 2379 1557 2420; x_wconf 88' lang='lat' dir='ltr'>supra,</span> <span class='ocrx_word' id='word_1_300' title='bbox 1606 2379 1650 2420; x_wconf 92' lang='lat' dir='ltr'>p.</span> <span class='ocrx_word' id='word_1_301' title='bbox 1703 2365 1774 2418; x_wconf 86' lang='lat'>16)</span> <span class='ocrx_word' id='word_1_302' title='bbox 1816 2378 1968 2406; x_wconf 91' lang='lat' dir='ltr'>unum</span> <span class='ocrx_word' id='word_1_303' title='bbox 2011 2366 2251 2421; x_wconf 86' lang='lat' dir='ltr'>exemplar</span> 
     </span>
     <span class='ocr_line' id='line_1_28' title="bbox 192 2441 1975 2490; baseline -0.004 0"><span class='ocrx_word' id='word_1_304' title='bbox 192 2451 237 2490; x_wconf 89' lang='lat' dir='ltr'>in</span> <span class='ocrx_word' id='word_1_305' title='bbox 266 2447 551 2489; x_wconf 87' lang='lat' dir='ltr'>Bibliotheca</span> <span class='ocrx_word' id='word_1_306' title='bbox 578 2444 876 2487; x_wconf 87' lang='lat' dir='ltr'>thoruniensi</span> <span class='ocrx_word' id='word_1_307' title='bbox 902 2447 1014 2484; x_wconf 85' lang='lat' dir='ltr'>teste</span> <span class='ocrx_word' id='word_1_308' title='bbox 1041 2443 1173 2484; x_wconf 90' lang='lat' dir='ltr'>Petro</span> <span class='ocrx_word' id='word_1_309' title='bbox 1198 2442 1436 2484; x_wconf 88' lang='lat' dir='ltr'>laenichio</span> <span class='ocrx_word' id='word_1_310' title='bbox 1461 2442 1727 2483; x_wconf 84' lang='lat' dir='ltr'>Fabricium</span> <span class='ocrx_word' id='word_1_311' title='bbox 1751 2441 1975 2484; x_wconf 88' lang='lat' dir='ltr'>indicare.</span> 
     </span>
    </p>

    <p class='ocr_par' dir='ltr' id='par_1_8' title="bbox 188 2517 2267 3342">
     <span class='ocr_line' id='line_1_29' title="bbox 284 2517 2267 2572; baseline -0.002 -7"><span class='ocrx_word' id='word_1_312' title='bbox 284 2524 483 2565; x_wconf 85' lang='lat' dir='ltr'>Historia</span> <span class='ocrx_word' id='word_1_313' title='bbox 508 2526 661 2563; x_wconf 86' lang='lat' dir='ltr'>autem</span> <span class='ocrx_word' id='word_1_314' title='bbox 689 2520 913 2561; x_wconf 89' lang='lat' dir='ltr'>naturalis</span> <span class='ocrx_word' id='word_1_315' title='bbox 938 2524 981 2560; x_wconf 91' lang='lat' dir='ltr'>et</span> <span class='ocrx_word' id='word_1_316' title='bbox 1006 2519 1209 2560; x_wconf 88' lang='lat' dir='ltr'>Historia</span> <span class='ocrx_word' id='word_1_317' title='bbox 1231 2519 1457 2560; x_wconf 90' lang='lat' dir='ltr'>canoniea</span> <span class='ocrx_word' id='word_1_318' title='bbox 1480 2521 1525 2560; x_wconf 92' lang='lat' dir='ltr'>et</span> <span class='ocrx_word' id='word_1_319' title='bbox 1552 2517 1706 2559; x_wconf 91' lang='lat' dir='ltr'>ciuilis</span> <span class='ocrx_word' id='word_1_320' title='bbox 1729 2518 1884 2572; x_wconf 86' lang='lat' dir='ltr'>operis</span> <span class='ocrx_word' id='word_1_321' title='bbox 1918 2519 2077 2570; x_wconf 86' lang='lat' dir='ltr'>unius,</span> <span class='ocrx_word' id='word_1_322' title='bbox 2113 2518 2160 2561; x_wconf 92' lang='lat' dir='ltr'>id</span> <span class='ocrx_word' id='word_1_323' title='bbox 2182 2522 2267 2571; x_wconf 61' lang='lat' dir='ltr'>est,</span> 
     </span>
     <span class='ocr_line' id='line_1_30' title="bbox 193 2594 2251 2649; baseline -0.003 -6"><span class='ocrx_word' id='word_1_324' title='bbox 193 2602 382 2643; x_wconf 63' lang='lat' dir='ltr'>Archiui</span> <span class='ocrx_word' id='word_1_325' title='bbox 422 2601 521 2641; x_wconf 89' lang='lat' dir='ltr'>siue</span> <span class='ocrx_word' id='word_1_326' title='bbox 562 2598 789 2639; x_wconf 72' lang='lat' dir='ltr'>Historiae</span> <span class='ocrx_word' id='word_1_327' title='bbox 825 2596 1065 2645; x_wconf 88' lang='lat' dir='ltr'>naturalis,</span> <span class='ocrx_word' id='word_1_328' title='bbox 1108 2596 1363 2637; x_wconf 87' lang='lat' dir='ltr'>canonicae</span> <span class='ocrx_word' id='word_1_329' title='bbox 1402 2600 1445 2636; x_wconf 92' lang='lat' dir='ltr'>et</span> <span class='ocrx_word' id='word_1_330' title='bbox 1476 2594 1649 2646; x_wconf 90' lang='lat' dir='ltr'>ciuilis,</span> <span class='ocrx_word' id='word_1_331' title='bbox 1685 2594 1821 2635; x_wconf 87' lang='lat' dir='ltr'>binae</span> <span class='ocrx_word' id='word_1_332' title='bbox 1859 2607 1958 2636; x_wconf 87' lang='lat' dir='ltr'>esse</span> <span class='ocrx_word' id='word_1_333' title='bbox 1996 2599 2150 2649; x_wconf 89' lang='lat' dir='ltr'>partes</span> <span class='ocrx_word' id='word_1_334' title='bbox 2186 2595 2251 2637; x_wconf 83' lang='lat' dir='ltr'>ita</span> 
     </span>
     <span class='ocr_line' id='line_1_31' title="bbox 191 2671 2249 2727; baseline -0.003 -7"><span class='ocrx_word' id='word_1_335' title='bbox 191 2679 427 2727; x_wconf 86' lang='lat' dir='ltr'>uidentur,</span> <span class='ocrx_word' id='word_1_336' title='bbox 455 2681 504 2717; x_wconf 90' lang='lat' dir='ltr'>ut</span> <span class='ocrx_word' id='word_1_337' title='bbox 526 2689 578 2717; x_wconf 81' lang='lat' dir='ltr'>ex</span> <span class='ocrx_word' id='word_1_338' title='bbox 604 2675 688 2715; x_wconf 89' lang='lat' dir='ltr'>hac</span> <span class='ocrx_word' id='word_1_339' title='bbox 713 2677 940 2715; x_wconf 79' lang='lat' dir='ltr'>extractae</span> <span class='ocrx_word' id='word_1_340' title='bbox 964 2673 1020 2713; x_wconf 86' lang='lat' dir='ltr'>ab</span> <span class='ocrx_word' id='word_1_341' title='bbox 1045 2673 1148 2726; x_wconf 91' lang='lat' dir='ltr'>ipso</span> <span class='ocrx_word' id='word_1_342' title='bbox 1169 2671 1377 2714; x_wconf 85' lang='lat' dir='ltr'>iohanne</span> <span class='ocrx_word' id='word_1_343' title='bbox 1397 2672 1584 2713; x_wconf 82' lang='lat' dir='ltr'>suerint.</span> <span class='ocrx_word' id='word_1_344' title='bbox 1612 2671 1725 2713; x_wconf 87' lang='lat' dir='ltr'>Nam</span> <span class='ocrx_word' id='word_1_345' title='bbox 1751 2672 1882 2712; x_wconf 90' lang='lat' dir='ltr'>sicin</span> <span class='ocrx_word' id='word_1_346' title='bbox 1903 2671 2101 2726; x_wconf 88' lang='lat' dir='ltr'>prologo</span> <span class='ocrx_word' id='word_1_347' title='bbox 2120 2671 2249 2714; x_wconf 85' lang='lat' dir='ltr'>illius</span> 
     </span>
     <span class='ocr_line' id='line_1_32' title="bbox 194 2748 2249 2804; baseline -0.002 -8"><span class='ocrx_word' id='word_1_348' title='bbox 194 2755 419 2796; x_wconf 89' lang='lat' dir='ltr'>Historiae</span> <span class='ocrx_word' id='word_1_349' title='bbox 465 2751 689 2793; x_wconf 86' lang='lat' dir='ltr'>naturalis</span> <span class='ocrx_word' id='word_1_350' title='bbox 730 2750 1028 2804; x_wconf 84' lang='lat' dir='ltr'>prosequitur</span> <span class='ocrx_word' id='word_1_351' title='bbox 1058 2748 1155 2795; x_wconf 78' lang='lat' dir='ltr'>(sol.</span> <span class='ocrx_word' id='word_1_352' title='bbox 1204 2763 1225 2789; x_wconf 81' lang='lat'>2</span> <span class='ocrx_word' id='word_1_353' title='bbox 1265 2750 1421 2803; x_wconf 82' lang='lat' dir='ltr'>uerso)</span> <span class='ocrx_word' id='word_1_354' title='bbox 1454 2762 1461 2789; x_wconf 92' lang='lat'>:</span> <span class='ocrx_word' id='word_1_355' title='bbox 1503 2748 1723 2790; x_wconf 89' lang='lat' dir='ltr'>«Verum</span> <span class='ocrx_word' id='word_1_356' title='bbox 1759 2748 1869 2802; x_wconf 91' lang='lat' dir='ltr'>quia</span> <span class='ocrx_word' id='word_1_357' title='bbox 1910 2748 1996 2790; x_wconf 90' lang='lat' dir='ltr'>hec</span> <span class='ocrx_word' id='word_1_358' title='bbox 2039 2749 2249 2793; x_wconf 80' lang='lat' dir='ltr'>uisibilia</span> 
     </span>
     <span class='ocr_line' id='line_1_33' title="bbox 191 2824 2249 2886; baseline -0.002 -13"><span class='ocrx_word' id='word_1_359' title='bbox 191 2836 381 2886; x_wconf 89' lang='lat' dir='ltr'>propter</span> <span class='ocrx_word' id='word_1_360' title='bbox 419 2831 488 2871; x_wconf 90' lang='lat' dir='ltr'>sui</span> <span class='ocrx_word' id='word_1_361' title='bbox 534 2826 910 2882; x_wconf 76' lang='lat' dir='ltr'>magnitudinem</span> <span class='ocrx_word' id='word_1_362' title='bbox 935 2839 956 2866; x_wconf 73' lang='lat' dir='ltr'>c</span> <span class='ocrx_word' id='word_1_363' title='bbox 992 2824 1347 2867; x_wconf 87' lang='lat' dir='ltr'>multitudinem</span> <span class='ocrx_word' id='word_1_364' title='bbox 1380 2838 1474 2866; x_wconf 90' lang='lat' dir='ltr'>non</span> <span class='ocrx_word' id='word_1_365' title='bbox 1503 2829 1699 2879; x_wconf 86' lang='lat' dir='ltr'>possunt</span> <span class='ocrx_word' id='word_1_366' title='bbox 1730 2825 1786 2867; x_wconf 90' lang='lat' dir='ltr'>de</span> <span class='ocrx_word' id='word_1_367' title='bbox 1809 2825 1933 2866; x_wconf 86' lang='lat' dir='ltr'>sacili</span> <span class='ocrx_word' id='word_1_368' title='bbox 1956 2825 2249 2880; x_wconf 88' lang='lat' dir='ltr'>apprehendi</span> 
     </span>
     <span class='ocr_line' id='line_1_34' title="bbox 190 2901 2247 2957; baseline -0.002 -8"><span class='ocrx_word' id='word_1_369' title='bbox 190 2907 366 2949; x_wconf 92' lang='lat' dir='ltr'>idcirco</span> <span class='ocrx_word' id='word_1_370' title='bbox 390 2907 435 2947; x_wconf 91' lang='lat' dir='ltr'>in</span> <span class='ocrx_word' id='word_1_371' title='bbox 462 2906 549 2947; x_wconf 91' lang='lat' dir='ltr'>hoc</span> <span class='ocrx_word' id='word_1_372' title='bbox 570 2905 689 2945; x_wconf 86' lang='lat' dir='ltr'>libro</span> <span class='ocrx_word' id='word_1_373' title='bbox 713 2903 792 2957; x_wconf 90' lang='lat' dir='ltr'>qui</span> <span class='ocrx_word' id='word_1_374' title='bbox 816 2907 883 2944; x_wconf 88' lang='lat' dir='ltr'>est</span> <span class='ocrx_word' id='word_1_375' title='bbox 902 2903 956 2944; x_wconf 91' lang='lat' dir='ltr'>de</span> <span class='ocrx_word' id='word_1_376' title='bbox 977 2903 1185 2956; x_wconf 62' lang='lat' dir='ltr'>hystoria</span> <span class='ocrx_word' id='word_1_377' title='bbox 1210 2901 1413 2943; x_wconf 89' lang='lat' dir='ltr'>naturali</span> <span class='ocrx_word' id='word_1_378' title='bbox 1434 2902 1532 2943; x_wconf 90' lang='lat' dir='ltr'>siue</span> <span class='ocrx_word' id='word_1_379' title='bbox 1555 2901 1611 2943; x_wconf 89' lang='lat' dir='ltr'>de</span> <span class='ocrx_word' id='word_1_380' title='bbox 1630 2914 1786 2943; x_wconf 89' lang='lat' dir='ltr'>rerum</span> <span class='ocrx_word' id='word_1_381' title='bbox 1811 2902 1990 2943; x_wconf 89' lang='lat' dir='ltr'>naturis</span> <span class='ocrx_word' id='word_1_382' title='bbox 2007 2901 2247 2957; x_wconf 86' lang='lat' dir='ltr'>conpilaui</span> 
     </span>
     <span class='ocr_line' id='line_1_35' title="bbox 189 2978 2246 3033; baseline -0.002 -7"><span class='ocrx_word' id='word_1_383' title='bbox 189 2988 509 3026; x_wconf 87' lang='lat' dir='ltr'>creaturarum</span> <span class='ocrx_word' id='word_1_384' title='bbox 569 2979 883 3022; x_wconf 89' lang='lat' dir='ltr'>inuisibilium</span> <span class='ocrx_word' id='word_1_385' title='bbox 945 2979 1250 3033; x_wconf 86' lang='lat' dir='ltr'>proprietates</span> <span class='ocrx_word' id='word_1_386' title='bbox 1307 2978 1404 3019; x_wconf 92' lang='lat' dir='ltr'>siue</span> <span class='ocrx_word' id='word_1_387' title='bbox 1462 2982 1652 3019; x_wconf 89' lang='lat' dir='ltr'>naturas</span> <span class='ocrx_word' id='word_1_388' title='bbox 1707 2978 1968 3019; x_wconf 88' lang='lat' dir='ltr'>secundum</span> <span class='ocrx_word' id='word_1_389' title='bbox 2028 2978 2246 3022; x_wconf 87' lang='lat' dir='ltr'>ordinem</span> 
     </span>
     <span class='ocr_line' id='line_1_36' title="bbox 188 3054 2246 3115; baseline -0.002 -13"><span class='ocrx_word' id='word_1_390' title='bbox 188 3060 422 3115; x_wconf 88' lang='lat' dir='ltr'>alphabeti</span> <span class='ocrx_word' id='word_1_391' title='bbox 458 3056 861 3113; x_wconf 88' lang='lat' dir='ltr'>quemadmodum</span> <span class='ocrx_word' id='word_1_392' title='bbox 887 3056 971 3097; x_wconf 79' lang='lat' dir='ltr'>feci</span> <span class='ocrx_word' id='word_1_393' title='bbox 992 3056 1037 3096; x_wconf 93' lang='lat' dir='ltr'>in</span> <span class='ocrx_word' id='word_1_394' title='bbox 1064 3055 1184 3097; x_wconf 90' lang='lat' dir='ltr'>libro</span> <span class='ocrx_word' id='word_1_395' title='bbox 1203 3055 1336 3096; x_wconf 86' lang='lat' dir='ltr'>cuius</span> <span class='ocrx_word' id='word_1_396' title='bbox 1355 3055 1518 3096; x_wconf 87' lang='lat' dir='ltr'>titulus</span> <span class='ocrx_word' id='word_1_397' title='bbox 1536 3058 1605 3097; x_wconf 89' lang='lat' dir='ltr'>est</span> <span class='ocrx_word' id='word_1_398' title='bbox 1621 3054 1845 3096; x_wconf 88' lang='lat' dir='ltr'>archiuus</span> <span class='ocrx_word' id='word_1_399' title='bbox 1866 3055 1966 3096; x_wconf 90' lang='lat' dir='ltr'>siue</span> <span class='ocrx_word' id='word_1_400' title='bbox 1988 3055 2246 3098; x_wconf 90' lang='lat' dir='ltr'>armarium</span> 
     </span>
     <span class='ocr_line' id='line_1_37' title="bbox 188 3130 2245 3192; baseline -0.002 -14"><span class='ocrx_word' id='word_1_401' title='bbox 188 3138 526 3192; x_wconf 83' lang='lat' dir='ltr'>scripturarum</span> <span class='ocrx_word' id='word_1_402' title='bbox 561 3148 582 3175; x_wconf 75' lang='lat' dir='ltr'>c</span> <span class='ocrx_word' id='word_1_403' title='bbox 615 3135 661 3174; x_wconf 94' lang='lat' dir='ltr'>in</span> <span class='ocrx_word' id='word_1_404' title='bbox 698 3133 818 3174; x_wconf 89' lang='lat' dir='ltr'>libro</span> <span class='ocrx_word' id='word_1_405' title='bbox 853 3132 909 3174; x_wconf 89' lang='lat' dir='ltr'>de</span> <span class='ocrx_word' id='word_1_406' title='bbox 938 3132 1145 3186; x_wconf 69' lang='lat' dir='ltr'>hystoria</span> <span class='ocrx_word' id='word_1_407' title='bbox 1176 3131 1306 3173; x_wconf 91' lang='lat' dir='ltr'>ciuili</span> <span class='ocrx_word' id='word_1_408' title='bbox 1340 3131 1421 3173; x_wconf 89' lang='lat' dir='ltr'>ubi</span> <span class='ocrx_word' id='word_1_409' title='bbox 1461 3134 1722 3185; x_wconf 87' lang='lat' dir='ltr'>tanguntur</span> <span class='ocrx_word' id='word_1_410' title='bbox 1754 3131 1949 3173; x_wconf 87' lang='lat' dir='ltr'>historie</span> <span class='ocrx_word' id='word_1_411' title='bbox 1986 3130 2245 3174; x_wconf 85' lang='lat' dir='ltr'>illustrium</span> 
     </span>
     <span class='ocr_line' id='line_1_38' title="bbox 190 3207 2245 3269; baseline -0.003 -13"><span class='ocrx_word' id='word_1_412' title='bbox 190 3225 515 3269; x_wconf 88' lang='lat' dir='ltr'>personarum.</span> <span class='ocrx_word' id='word_1_413' title='bbox 539 3210 634 3252; x_wconf 84' lang='lat' dir='ltr'>Hoc</span> <span class='ocrx_word' id='word_1_414' title='bbox 657 3214 813 3251; x_wconf 90' lang='lat' dir='ltr'>autem</span> <span class='ocrx_word' id='word_1_415' title='bbox 838 3209 1011 3250; x_wconf 87' lang='lat' dir='ltr'>sactum</span> <span class='ocrx_word' id='word_1_416' title='bbox 1035 3212 1103 3250; x_wconf 91' lang='lat' dir='ltr'>est</span> <span class='ocrx_word' id='word_1_417' title='bbox 1126 3212 1176 3249; x_wconf 92' lang='lat' dir='ltr'>ut</span> <span class='ocrx_word' id='word_1_418' title='bbox 1205 3208 1405 3262; x_wconf 89' lang='lat' dir='ltr'>quilibet</span> <span class='ocrx_word' id='word_1_419' title='bbox 1433 3209 1481 3249; x_wconf 92' lang='lat' dir='ltr'>in</span> <span class='ocrx_word' id='word_1_420' title='bbox 1515 3211 1641 3249; x_wconf 87' lang='lat' dir='ltr'>tanta</span> <span class='ocrx_word' id='word_1_421' title='bbox 1673 3220 1832 3250; x_wconf 86' lang='lat' dir='ltr'>rerum</span> <span class='ocrx_word' id='word_1_422' title='bbox 1865 3208 2089 3251; x_wconf 86' lang='lat' dir='ltr'>uarietate</span> <span class='ocrx_word' id='word_1_423' title='bbox 2118 3207 2245 3264; x_wconf 89' lang='lat' dir='ltr'>quod</span> 
     </span>
     <span class='ocr_line' id='line_1_39' title="bbox 189 3284 1903 3342; baseline -0.006 -10"><span class='ocrx_word' id='word_1_424' title='bbox 189 3292 237 3332; x_wconf 93' lang='lat' dir='ltr'>in</span> <span class='ocrx_word' id='word_1_425' title='bbox 264 3290 334 3331; x_wconf 90' lang='lat' dir='ltr'>sui</span> <span class='ocrx_word' id='word_1_426' title='bbox 358 3287 808 3342; x_wconf 87' lang='lat' dir='ltr'>contemplationem</span> <span class='ocrx_word' id='word_1_427' title='bbox 828 3285 999 3327; x_wconf 89' lang='lat' dir='ltr'>habere</span> <span class='ocrx_word' id='word_1_428' title='bbox 1024 3284 1225 3326; x_wconf 68' lang='lat' dir='ltr'>voluerit</span> <span class='ocrx_word' id='word_1_429' title='bbox 1251 3284 1434 3326; x_wconf 80' lang='lat' dir='ltr'>facilius</span> <span class='ocrx_word' id='word_1_430' title='bbox 1456 3284 1611 3326; x_wconf 90' lang='lat' dir='ltr'>ualeat</span> <span class='ocrx_word' id='word_1_431' title='bbox 1633 3284 1864 3326; x_wconf 88' lang='lat' dir='ltr'>inuenire.</span> <span class='ocrx_word' id='word_1_432' title='bbox 1885 3300 1903 3323; x_wconf 75' lang='lat' dir='ltr'>n</span> 
     </span>
    </p>

    <p class='ocr_par' dir='ltr' id='par_1_9' title="bbox 190 3359 2246 3492">
     <span class='ocr_line' id='line_1_40' title="bbox 278 3359 2246 3417; baseline -0.003 -9"><span class='ocrx_word' id='word_1_433' title='bbox 278 3366 450 3408; x_wconf 89' lang='lat' dir='ltr'>Eodem</span> <span class='ocrx_word' id='word_1_434' title='bbox 503 3363 645 3405; x_wconf 90' lang='lat' dir='ltr'>modo</span> <span class='ocrx_word' id='word_1_435' title='bbox 688 3363 1005 3417; x_wconf 87' lang='lat' dir='ltr'>compositum</span> <span class='ocrx_word' id='word_1_436' title='bbox 1050 3365 1118 3403; x_wconf 81' lang='lat' dir='ltr'>est</span> <span class='ocrx_word' id='word_1_437' title='bbox 1162 3360 1278 3402; x_wconf 90' lang='lat' dir='ltr'>illud</span> <span class='ocrx_word' id='word_1_438' title='bbox 1318 3360 1374 3402; x_wconf 91' lang='lat' dir='ltr'>de</span> <span class='ocrx_word' id='word_1_439' title='bbox 1421 3360 1561 3403; x_wconf 88' lang='lat' dir='ltr'>rebus</span> <span class='ocrx_word' id='word_1_440' title='bbox 1605 3359 1901 3403; x_wconf 87' lang='lat' dir='ltr'>naturalibus</span> <span class='ocrx_word' id='word_1_441' title='bbox 1944 3373 2063 3415; x_wconf 88' lang='lat' dir='ltr'>opus</span> <span class='ocrx_word' id='word_1_442' title='bbox 2106 3363 2246 3416; x_wconf 89' lang='lat' dir='ltr'>atque</span> 
     </span>
     <span class='ocr_line' id='line_1_41' title="bbox 190 3439 1293 3492; baseline -0.007 -6"><span class='ocrx_word' id='word_1_443' title='bbox 190 3443 423 3486; x_wconf 77' lang='lat' dir='ltr'>Archiuus</span> <span class='ocrx_word' id='word_1_444' title='bbox 441 3445 485 3483; x_wconf 90' lang='lat' dir='ltr'>et</span> <span class='ocrx_word' id='word_1_445' title='bbox 508 3440 644 3482; x_wconf 90' lang='lat' dir='ltr'>Liber</span> <span class='ocrx_word' id='word_1_446' title='bbox 666 3439 923 3481; x_wconf 88' lang='lat' dir='ltr'>illustrium</span> <span class='ocrx_word' id='word_1_447' title='bbox 947 3449 1257 3492; x_wconf 87' lang='lat' dir='ltr'>personarum</span> <span class='ocrx_word' id='word_1_448' title='bbox 1285 3450 1293 3478; x_wconf 91' lang='lat'>:</span> 
     </span>
    </p>

    <p class='ocr_par' dir='ltr' id='par_1_10' title="bbox 189 3511 2245 3651">
     <span class='ocr_line' id='line_1_42' title="bbox 280 3511 2241 3570; baseline -0.003 -11"><span class='ocrx_word' id='word_1_449' title='bbox 280 3517 463 3560; x_wconf 87' lang='lat' dir='ltr'>«Tituli</span> <span class='ocrx_word' id='word_1_450' title='bbox 497 3529 610 3570; x_wconf 82' lang='lat' dir='ltr'>ergo</span> <span class='ocrx_word' id='word_1_451' title='bbox 642 3519 961 3557; x_wconf 87' lang='lat' dir='ltr'>creaturarum</span> <span class='ocrx_word' id='word_1_452' title='bbox 994 3514 1050 3555; x_wconf 86' lang='lat' dir='ltr'>ab</span> <span class='ocrx_word' id='word_1_453' title='bbox 1085 3515 1135 3556; x_wconf 83' lang='lat' dir='ltr'>A.</span> <span class='ocrx_word' id='word_1_454' title='bbox 1169 3513 1238 3555; x_wconf 67' lang='lat' dir='ltr'>iffi</span> <span class='ocrx_word' id='word_1_455' title='bbox 1265 3513 1597 3568; x_wconf 85' lang='lat' dir='ltr'>incipientium</span> <span class='ocrx_word' id='word_1_456' title='bbox 1630 3526 1721 3568; x_wconf 89' lang='lat' dir='ltr'>que</span> <span class='ocrx_word' id='word_1_457' title='bbox 1749 3516 1858 3554; x_wconf 84' lang='lat' dir='ltr'>sunt</span> <span class='ocrx_word' id='word_1_458' title='bbox 1889 3511 2005 3567; x_wconf 86' lang='lat' dir='ltr'>ipsis</span> <span class='ocrx_word' id='word_1_459' title='bbox 2037 3515 2241 3554; x_wconf 84' lang='lat' dir='ltr'>contem-</span> 
     </span>
     <span class='ocr_line' id='line_1_43' title="bbox 189 3588 2245 3651; baseline -0.004 -13"><span class='ocrx_word' id='word_1_460' title='bbox 189 3595 428 3651; x_wconf 88' lang='lat' dir='ltr'>plantibus</span> <span class='ocrx_word' id='word_1_461' title='bbox 449 3593 551 3648; x_wconf 75' lang='lat' dir='ltr'>(sol.</span> <span class='ocrx_word' id='word_1_462' title='bbox 580 3592 624 3648; x_wconf 83' lang='lat'>3)</span> <span class='ocrx_word' id='word_1_463' title='bbox 648 3593 800 3647; x_wconf 89' lang='lat' dir='ltr'>prima</span> <span class='ocrx_word' id='word_1_464' title='bbox 822 3591 946 3634; x_wconf 86' lang='lat' dir='ltr'>scala</span> <span class='ocrx_word' id='word_1_465' title='bbox 969 3590 1025 3632; x_wconf 88' lang='lat' dir='ltr'>de</span> <span class='ocrx_word' id='word_1_466' title='bbox 1049 3590 1128 3632; x_wconf 77' lang='lat' dir='ltr'>XX</span> <span class='ocrx_word' id='word_1_467' title='bbox 1152 3590 1302 3632; x_wconf 86' lang='lat' dir='ltr'>tribus</span> <span class='ocrx_word' id='word_1_468' title='bbox 1326 3589 1463 3632; x_wconf 85' lang='lat' dir='ltr'>scalis</span> <span class='ocrx_word' id='word_1_469' title='bbox 1486 3604 1578 3645; x_wconf 90' lang='lat' dir='ltr'>que</span> <span class='ocrx_word' id='word_1_470' title='bbox 1606 3589 1801 3632; x_wconf 82' lang='lat' dir='ltr'>inferius</span> <span class='ocrx_word' id='word_1_471' title='bbox 1830 3588 2111 3631; x_wconf 84' lang='lat' dir='ltr'>ordinantur</span> <span class='ocrx_word' id='word_1_472' title='bbox 2132 3592 2245 3631; x_wconf 83' lang='lat' dir='ltr'>sunt</span> 
     </span>
    </p>
   </div>
   <div class='ocr_carea' id='block_1_5' title="bbox 277 3683 1362 3726">
    <p class='ocr_par' dir='ltr' id='par_1_11' title="bbox 277 3683 1362 3726">
     <span class='ocr_line' id='line_1_44' title="bbox 277 3683 1362 3726; baseline -0.008 -5"><span class='ocrx_word' id='word_1_473' title='bbox 277 3701 302 3721; x_wconf 83' lang='grc' dir='ltr'>ι.</span> <span class='ocrx_word' id='word_1_474' title='bbox 331 3690 472 3720; x_wconf 79' lang='lat' dir='ltr'>Litteras</span> <span class='ocrx_word' id='word_1_475' title='bbox 488 3696 641 3726; x_wconf 79' lang='lat' dir='ltr'>quarum</span> <span class='ocrx_word' id='word_1_476' title='bbox 657 3686 775 3717; x_wconf 81' lang='lat' dir='ltr'>crebro</span> <span class='ocrx_word' id='word_1_477' title='bbox 792 3685 886 3723; x_wconf 75' lang='lat' dir='ltr'>signa</span> <span class='ocrx_word' id='word_1_478' title='bbox 906 3683 1025 3714; x_wconf 86' lang='lat' dir='ltr'>locum</span> <span class='ocrx_word' id='word_1_479' title='bbox 1051 3685 1169 3713; x_wconf 86' lang='lat' dir='ltr'>tenent</span> <span class='ocrx_word' id='word_1_480' title='bbox 1185 3683 1362 3721; x_wconf 79' lang='lat' dir='ltr'>suppleui.</span> 
     </span>
    </p>
   </div>
   <div class='ocr_carea' id='block_1_6' title="bbox 2327 598 2405 4009">
    <p class='ocr_par' dir='ltr' id='par_1_12' title="bbox 2327 598 2405 4009">
     <span class='ocr_line' id='line_1_45' title="bbox 2327 598 2405 4009; baseline 0 0"><span class='ocrx_word' id='word_1_481' title='bbox 2327 598 2405 4009; x_wconf 95' lang='lat' dir='ltr'> </span> 
     </span>
    </p>
   </div>
  </div>
 </body>
</html>
