2405 4009
208 248 253 286 ὓ]
735 262 834 295 (ρϊΙΙ)
865 263 910 288 ΕΚ
944 264 1050 289 quv
1083 262 1260 289 scalpris
1291 264 1421 290 Liuius
1450 263 1717 291 PERCU‘MTVR

204 349 378 392 scilicet
402 364 408 390 :
446 349 656 391 Roderici
691 350 850 392 Didaci
875 351 1011 406 Cidy,
1048 351 1230 393 liuberti
1255 351 1504 393 Guiskardi
1530 352 1800 407 Francigee‚
1828 351 2025 395 Romani
2049 352 2107 394 M.
2133 358 2178 395 et
2200 353 2249 395 B.

207 426 379 468 Rustici
403 440 492 481 que
517 426 648 468 valde
677 431 864 468 extensa
891 429 1098 482 ponitur.
1131 442 1246 482 quas
1276 429 1521 469 oinitiinus
1552 432 1601 469 ut
1626 427 1682 469 ad
1712 427 1803 469 alia
1832 428 2022 471 utiliora
2052 433 2255 471 transea-

205 517 308 544 mus
334 520 368 543 ι.
395 503 520 554 Quae
545 508 680 544 notae
706 517 1004 559 nequaquam
1032 503 1256 545 lohannis
1279 517 1378 546 esse
1405 509 1615 559 possunt.

291 579 416 630 Quae
438 585 593 621 autem
618 593 670 621 ex
701 580 771 621 Md
805 580 1024 622 translata
1050 585 1174 625 sunt.
1200 594 1251 621 ex
1277 580 1485 622 articulis
1514 580 1637 622 Libri
1663 580 1919 622 illustrium
1943 593 2252 635 personarum

203 655 402 709 singulis
440 656 627 709 regibus
664 670 745 710 per
781 657 998 698 ordinem
1037 657 1295 698 litterarum
1335 657 1559 699 dedicatis
1603 657 1824 712 pleraque
1856 661 1966 698 sunt
2001 658 2249 714 exscripta,

201 738 380 786 praeter
403 732 605 787 capitula
625 733 679 775 «le
707 733 972 787 Mauregato
991 739 1031 775 et
1057 734 1112 775 de
1134 735 1310 777 Garsia.
1336 748 1454 789 quae
1480 753 1496 771 υ
1521 747 1573 775 ex
1599 733 1720 775 libro
1745 733 1784 774 M
1809 734 1955 776 uerbo
1981 735 2250 777 numantini

202 809 363 864 populi
385 828 399 843 ··
424 814 609 864 sumpta
634 815 872 851 notantur.
900 832 914 845 u
936 811 984 851 ln
1008 810 1127 852 libro
1146 811 1202 852 ‹le
1227 811 1443 852 laudibus
1468 811 1713 865 hispaniae
1738 810 1817 851 sol.
1844 811 1897 852 36
1914 827 1932 849 n
1955 815 1999 853 et
2020 829 2037 849 α
2057 811 2135 853 sol.
2157 811 2247 854 38»

202 885 291 939 legi
318 885 360 926 id
387 887 510 941 quod
537 887 592 927 ad
617 886 879 927 ordonium
908 887 920 927 l
947 892 987 928 et
1013 887 1276 928 ordonium
1305 887 1339 928 ll
1369 888 1571 941 pertinet
1594 886 1844 929 indicatur.

293 963 397 1004 l‘ost
431 962 633 1017 capitula
668 963 724 1003 (le
758 963 945 1016 regibus
982 963 1227 1015 Nauarrae,
1266 964 1542 1017 Aragoniae,
1586 962 1914 1016 l‘ortugalliae‚
1945 965 2156 1007 continet
2176 964 2252 1006 Mb

199 1039 401 1094 capitula
427 1040 482 1081 de
504 1040 689 1091 regibus
712 1039 932 1080 Vandalis
951 1039 1017 1086 (id
1037 1044 1104 1081 est
1123 1040 1408 1091 Gunderico,
1430 1041 1732 1091 Guisscrico),
1755 1040 1810 1081 (le
1827 1041 1987 1082 Yssem
2006 1040 2253 1084 Cordubae

202 1130 306 1169 rege
335 1121 376 1158 et
409 1116 463 1158 de
497 1116 746 1157 Mmancor
772 1117 934 1157 Arabe.
963 1118 1173 1167 Quorum
1207 1117 1392 1158 articuli
1424 1118 1469 1158 iu
1496 1117 1570 1158 Md
1600 1117 1687 1158 sub
1710 1117 1872 1158 cadem
1902 1118 2097 1159 nomina
2121 1117 2251 1161 inue-

200 1194 411 1235 niuntur.
442 1198 635 1247 excepto
667 1193 863 1235 articulo
893 1193 950 1234 de
986 1194 1145 1235 Yssem
1174 1193 1229 1234 de
1257 1208 1352 1248 quo
1382 1195 1538 1248 agitur
1561 1194 1609 1235 in
1632 1198 1840 1235 extremo
1863 1198 2029 1248 quarto
2053 1198 2250 1237 tractatu

201 1269 335 1310 Libro
358 1269 414 1310 de
447 1269 727 1311 praeconiis.
763 1271 997 1321 Quoniam
1030 1275 1185 1312 autem
1221 1271 1404 1326 aliquot
1436 1284 1566 1322 reges
1597 1283 1692 1312 non
1723 1270 1862 1313 habet
1886 1271 1960 1313 Md
1988 1272 2069 1326 qui
2100 1272 2148 1313 in
2176 1271 2251 1314 Mb

198 1346 418 1399 leguntur
450 1347 515 1388 ιΙιί
551 1352 659 1388 sunt
697 1347 928 1391 Aurelius,
969 1347 1094 1400 5510,
1138 1348 1446 1402 Mam-egatus,
1479 1347 1716 1390 Ordonius
1754 1347 1832 1399 lll,
1869 1347 2073 1400 santius,
2119 1348 2250 1391 Vere-

199 1423 368 1465 mudus
396 1423 429 1463 ll
456 1428 497 1464 el
524 1422 601 1466 ΙΙΙ,
625 1425 818 1465 Saucius
843 1423 926 1476 Ill)
949 1424 1221 1478 apographo
1249 1424 1320 1466 Mb
1345 1425 1652 1480 apographon
1673 1424 1747 1465 Md
1765 1437 1816 1465 ea
1835 1428 1963 1479 parte
1987 1424 2247 1480 suppletur.

1656 1494 1661 1505 '
1684 1500 1759 1542 Md

1646 1551 1662 1647 S

1031 1617 1430 1660 Ordoniezianum
1459 1631 1621 1674 apogr.

1032 1748 1106 1790 Mb
1135 1750 1208 1802 (ex
1231 1749 1376 1804 parte)
1650 1657 1667 1798 l
1692 1749 1766 1790 Mb
1792 1748 2113 1807 (plerumque)

355 1678 671 1732 Archetypum
703 1690 973 1719 zamorense

282 1890 370 1932 Bit.
392 1916 448 1920 —
473 1891 522 1932 ln
548 1890 707 1932 codice
725 1890 891 1944 Cc-119
911 1891 982 1945 (z
1007 1891 1164 1946 18657)
1186 1891 1501 1933 Bibliothecae
1525 1890 1777 1932 nationalis
1801 1890 2103 1944 matritensis,
2128 1889 2250 1932 XVII

191 1968 374 2009 saeculo
404 1973 616 2009 exaratus
648 1972 752 2009 octo
784 1967 1006 2009 soliorum
1037 1969 1286 2023 quaternio
1313 1973 1382 2010 est
1406 1969 1452 2009 in
1483 1981 1576 2023 quo
1605 1968 1703 2009 Vita
1735 1967 1947 2010 Roderici
1972 1967 2133 2010 Didaci
2155 1971 2248 2010 tres

192 2046 383 2099 paginas
408 2050 621 2099 occupat,
637 2058 755 2099 quae
773 2046 819 2086 in
847 2045 919 2087 Md
943 2046 1100 2087 delicit
1116 2058 1262 2100 aeque
1285 2050 1422 2100 atque
1442 2046 1490 2086 in
1516 2045 1590 2087 Mb
1612 2045 1740 2101 (uide
1763 2046 1940 2102 supra).
1957 2046 2030 2086 Sic
2053 2045 2245 2100 incipit:

284 2138 299 2160 ι
327 2121 535 2163 ltoderici
563 2122 741 2173 Didaci,
767 2122 878 2164 dicti
903 2123 1037 2177 Cydi,
1059 2127 1101 2164 et
1122 2122 1285 2164 militis
1305 2123 1617 2164 strenuissimi
1637 2136 1785 2177 genus
1808 2126 1852 2164 et
1874 2126 2003 2164 actus
2026 2122 2250 2164 strenuis·

190 2199 334 2240 simos
363 2199 472 2240 huic
495 2199 625 2253 operi
648 2199 946 2242 decreuimus
970 2204 1196 2241 annotare
1215 2204 1264 2241 ut
1290 2200 1512 2254 inspectis
1536 2200 1635 2241 eius
1668 2199 2020 2241 strenuitatibus
2039 2199 2096 2241 ad
2118 2203 2248 2242 actus

189 2276 459 2317 consimiles
482 2277 752 2318 animentur
776 2276 949 2318 milites
969 2282 1012 2318 et
1031 2277 1244 2319 barones.
1273 2277 1482 2318 Prefatus
1506 2277 1661 2332 itaque
1683 2276 1935 2318 Rodericus
1957 2275 2141 2317 arabice
2162 2275 2251 2318 suit

189 2352 317 2405 ‹jydy
353 2352 396 2392 id
431 2359 498 2394 est
521 2353 743 2394 dominus
776 2353 1038 2408 appelatus,
1070 2354 1149 2396 sed
1179 2354 1440 2409 campiator
1478 2353 1565 2395 suit
1588 2354 1844 2408 vulgariter
1872 2356 2172 2407 nuncupatus
2191 2365 2248 2394 eo

188 2428 312 2483 quod
337 2443 558 2484 campum
584 2430 675 2472 sere
700 2444 885 2485 semper
905 2431 1112 2472 obtinuit
1134 2435 1297 2472 contra
1321 2431 1478 2473 hostes
1501 2434 1546 2472 et
1567 2431 1615 2471 in
1640 2443 1807 2486 campo
1830 2430 1886 2472 de
1913 2430 2028 2485 ipsis
2051 2429 2249 2472 viriliter

187 2506 514 2560 triumphauit.
547 2525 563 2543 »
603 2507 722 2548 lllud
762 2508 951 2550 initium
987 2509 1257 2563 transcripsi
1299 2507 1502 2562 exempli
1541 2521 1696 2549 causa.
1745 2507 1867 2548 Alibi
1912 2511 2068 2549 autem
2100 2510 2246 2549 totam

187 2583 336 2624 Vitam
364 2583 601 2638 publicare
626 2585 671 2624 in
693 2585 852 2626 animo
873 2585 1038 2637 habeo,
1058 2599 1200 2640 quam
1223 2586 1363 2627 etiam
1389 2586 1435 2626 in
1462 2589 1654 2627 tractatu
1681 2584 1738 2625 IV
1760 2583 1879 2626 Libri
1898 2583 1955 2626 de
1979 2583 2246 2626 praeconiis

188 2659 436 2714 llispaniae
462 2661 578 2701 (non
605 2665 758 2702 tamen
786 2662 832 2702 in
859 2662 995 2703 Libro
1019 2662 1074 2704 de
1100 2663 1253 2704 Praec.
1276 2663 1368 2704 ciu.
1398 2663 1555 2718 num.)
1580 2661 1813 2704 lohannes
1837 2665 2010 2703 narrat.
2034 2661 2246 2716 Sequun-

188 2740 263 2777 tur
289 2753 304 2772 ι
330 2736 531 2778 Historie
557 2750 637 2788 re«
642 2751 719 2779 um
745 2739 824 2793 qui
851 2739 1005 2780 Sancii
1031 2740 1227 2781 nomine
1251 2738 1501 2781 titulantur
1526 2742 1667 2793 prout
1686 2752 1710 2780 a
1737 2739 1787 2779 11⁰
1811 2738 2059 2781 traduntur
2081 2737 2245 2792 Eg‘idio

185 2812 485 2855 Zamorensi
476 2834 515 2863 ›,
549 2827 571 2854 c
603 2813 829 2856 lloderico
860 2814 1084 2857 loletano
1114 2815 1171 2857 ad
1202 2816 1402 2858 uerbum
1433 2819 1662 2870 sumptae.

273 2887 361 2928 ms.
383 2915 439 2919 —
463 2889 597 2932 Liber
619 2890 700 2932 ΜΒ.
730 2905 851 2946 pap)
858 2904 1017 2934 raceus
1042 2891 1087 2933 I—
1094 2893 1177 2933 333
1204 2893 1321 2934 Bibl.
1350 2896 1443 2934 nat.
1467 2897 1603 2935 matr.
1625 2892 1785 2947 (hodie
1811 2893 1945 2947 2803)
1973 2906 1992 2931 α
2012 2891 2061 2933 ὶη
2084 2891 2198 2934 solio
2218 2904 2240 2933 2>

185 2967 393 3008 continet
415 2981 437 3006 a
465 2967 493 3007 Γ
525 2981 558 3008 2.
555 2967 615 3007 'n'
621 2967 704 3008 ¹acl
732 2968 758 3008 Γ.
791 2968 893 3009 232·ι
930 2987 946 3005 «
973 2968 1168 3023 Epilogo
1190 2969 1245 3011 de
1269 2968 1339 3010 los
1364 2969 1508 3023 Ite)es
1529 2981 1620 3024 que
1644 2969 1738 3010 han
1763 2968 1956 3011 reinado
1978 2981 2038 3011 en
2061 2968 2243 3023 Espai‘ia

184 3047 280 3085 asta
300 3042 353 3084 D.
378 3044 563 3085 Sancho
585 3045 809 3098 madruga
834 3045 931 3086 hiio
951 3045 1023 3087 del
1050 3046 1129 3087 Rei
1154 3046 1247 3087 don
1273 3045 1437 3087 alonso
1457 3045 1499 3087 el
1524 3045 1678 3087 Sabio.
1702 3045 1877 3088 Sacado
1901 3045 1957 3087 de
1979 3045 2023 3086 la
2046 3045 2242 3087 historia

181 3133 270 3174 que
294 3121 494 3162 escribio
521 3121 634 3175 Fray
657 3121 778 3162 Juan
804 3121 876 3163 Gil
901 3122 957 3163 de
977 3122 1169 3164 Zamora
1193 3122 1232 3163 el
1257 3122 1366 3177 qual
1391 3123 1593 3164 escriuio
1616 3136 1643 3177 y
1668 3123 1858 3164 ssorecio
1881 3126 1972 3164 ai'io
1995 3121 2070 3164 del
2095 3121 2242 3164 Sefior

182 3197 239 3239 de
269 3197 377 3238 1280
405 3211 493 3252 que
528 3199 650 3240 tenia
685 3198 864 3240 Fernan
898 3199 1032 3241 Perez
1060 3199 1116 3240 de
1148 3199 1356 3240 Guzman
1390 3203 1530 3241 senor
1564 3199 1621 3241 de
1649 3199 1805 3241 Batres
1835 3212 1893 3242 en
1918 3212 1973 3240 su
1999 3198 2189 3240 libreria
2211 3211 2241 3253 y

182 3273 431 3316 Ambrosio
464 3274 520 3316 de
558 3274 754 3317 Morales
795 3275 1001 3317 confiesa
1034 3275 1164 3317 huuo
1197 3289 1254 3317 en
1286 3290 1340 3317 su
1372 3275 1518 3331 poder
1559 3289 1648 3318 con
1685 3281 1812 3319 otros
1842 3275 2030 3331 papeles
2060 3275 2117 3317 de
2146 3278 2240 3317 este

181 3355 312 3392 autor
330 3370 366 3391 ιι.
397 3350 605 3410 Hispano
628 3364 843 3394 sermone
867 3352 1106 3406 catalogus
1130 3356 1198 3394 est
1221 3366 1386 3407 regum
1411 3352 1693 3405 Gothorum,
1711 3352 1928 3407 Legionis
1950 3356 1995 3394 et
2016 3351 2237 3403 Galiciae,

180 3426 408 3469 Castellae
444 3431 488 3469 et
521 3426 754 3481 Legionis,
792 3429 868 3470 cui
902 3429 1116 3470 additum
1147 3433 1215 3471 est
1247 3429 1427 3484 aliquid
1466 3430 1522 3472 de
1555 3429 1749 3471 illorum
1776 3428 2083 3484 genealogiis,
2115 3431 2160 3470 et
2189 3426 2239 3471 id

182 3504 430 3559 praecipue
470 3504 676 3546 notabile
714 3504 770 3546 de
790 3505 961 3547 comite
989 3505 1194 3547 Domino
1225 3506 1413 3548 Sanctio
1437 3506 1538 3547 filio
1565 3506 1752 3548 comitis
1784 3504 2010 3547 Castellae
2047 3503 2239 3546 Garciae

183 3580 473 3622 Fernandis:
515 3581 625 3622 «sue
666 3593 772 3622 ome
818 3582 915 3623 mui
960 3582 1100 3624 noble
1131 3586 1261 3624 entre
1293 3586 1420 3624 otros
1467 3582 1668 3624 muchos
1708 3582 1869 3624 bienes
1906 3594 1997 3636 que
2028 3581 2122 3623 fixo
2157 3580 2237 3622 dio

181 3656 377 3698 libertad
397 3670 420 3698 a
437 3656 506 3699 los
519 3658 625 3712 fijos
637 3657 779 3713 dalgo
790 3656 846 3700 de
867 3657 1055 3700 Castilla
1073 3672 1162 3713 que
1181 3672 1276 3700 non
1296 3659 1551 3713 pechassen
1571 3659 1620 3700 ni
1639 3658 1868 3701 siruiesen
1887 3670 1946 3700 en
1961 3656 2032 3700 las
2047 3669 2237 3711 guerras

2399 625 2405 635 ι

2391 699 2405 716 d
