<?xml version="1.0" encoding="UTF-8"?>
<!DOCTYPE html PUBLIC "-//W3C//DTD XHTML 1.0 Transitional//EN"
    "http://www.w3.org/TR/xhtml1/DTD/xhtml1-transitional.dtd">
<html xmlns="http://www.w3.org/1999/xhtml" xml:lang="en" lang="en">
 <head>
  <title>
</title>
<meta http-equiv="Content-Type" content="text/html;charset=utf-8" />
  <meta name='ocr-system' content='tesseract 3.04.00' />
  <meta name='ocr-capabilities' content='ocr_page ocr_carea ocr_par ocr_line ocrx_word'/>
</head>
<body>
  <div class='ocr_page' id='page_1' title='image "./deoperibushistor00cirouoft_0048.png"; bbox 0 0 2405 4009; ppageno 0'>
   <div class='ocr_carea' id='block_1_1' title="bbox 257 256 1766 300">
    <p class='ocr_par' dir='ltr' id='par_1_1' title="bbox 257 256 1766 300">
     <span class='ocr_line' id='line_1_1' title="bbox 257 256 1766 300; baseline -0.001 -5"><span class='ocrx_word' id='word_1_1' title='bbox 257 256 307 295; x_wconf 75' lang='lat'>38</span> <span class='ocrx_word' id='word_1_2' title='bbox 784 268 882 300; x_wconf 65' lang='lat' dir='ltr'>Qun</span> <span class='ocrx_word' id='word_1_3' title='bbox 913 268 957 293; x_wconf 70' lang='lat' dir='ltr'>u</span> <span class='ocrx_word' id='word_1_4' title='bbox 992 268 1099 293; x_wconf 67' lang='lat' dir='ltr'>mxv</span> <span class='ocrx_word' id='word_1_5' title='bbox 1130 267 1308 293; x_wconf 71' lang='lat' dir='ltr'>senii-ris</span> <span class='ocrx_word' id='word_1_6' title='bbox 1339 267 1468 293; x_wconf 70' lang='lat' dir='ltr'>nnius</span> <span class='ocrx_word' id='word_1_7' title='bbox 1499 267 1766 293; x_wconf 70' lang='lat' dir='ltr'>t‘t»:n(&#39;.tt‘tn·vn</span> 
     </span>
    </p>
   </div>
   <div class='ocr_carea' id='block_1_2' title="bbox 228 356 2330 3558">
    <p class='ocr_par' dir='ltr' id='par_1_2' title="bbox 247 356 2296 1331">
     <span class='ocr_line' id='line_1_2' title="bbox 344 356 2296 412; baseline 0 -13"><span class='ocrx_word' id='word_1_8' title='bbox 344 359 392 399; x_wconf 88' lang='lat' dir='ltr'>ln</span> <span class='ocrx_word' id='word_1_9' title='bbox 433 359 685 412; x_wconf 71' lang='lat' dir='ltr'>arcliet&gt;·})o</span> <span class='ocrx_word' id='word_1_10' title='bbox 729 356 920 411; x_wconf 85' lang='lat' dir='ltr'>quidem</span> <span class='ocrx_word' id='word_1_11' title='bbox 956 356 1210 397; x_wconf 72' lang='lat' dir='ltr'>uerisimile</span> <span class='ocrx_word' id='word_1_12' title='bbox 1245 357 1334 396; x_wconf 91' lang='lat' dir='ltr'>iam</span> <span class='ocrx_word' id='word_1_13' title='bbox 1376 369 1500 395; x_wconf 88' lang='lat' dir='ltr'>nunc</span> <span class='ocrx_word' id='word_1_14' title='bbox 1533 359 1601 396; x_wconf 80' lang='lat' dir='ltr'>est</span> <span class='ocrx_word' id='word_1_15' title='bbox 1638 359 1681 395; x_wconf 92' lang='lat' dir='ltr'>et</span> <span class='ocrx_word' id='word_1_16' title='bbox 1719 356 2106 410; x_wconf 75' lang='lat' dir='ltr'>comprobabitur</span> <span class='ocrx_word' id='word_1_17' title='bbox 2139 360 2296 410; x_wconf 88' lang='lat' dir='ltr'>postea</span> 
     </span>
     <span class='ocr_line' id='line_1_3' title="bbox 250 431 2290 489; baseline -0 -13"><span class='ocrx_word' id='word_1_18' title='bbox 250 435 426 489; x_wconf 76' lang='lat' dir='ltr'>aliquot</span> <span class='ocrx_word' id='word_1_19' title='bbox 473 436 592 475; x_wconf 81' lang='lat' dir='ltr'>inter</span> <span class='ocrx_word' id='word_1_20' title='bbox 637 434 741 473; x_wconf 79' lang='lat' dir='ltr'>illos</span> <span class='ocrx_word' id='word_1_21' title='bbox 787 433 945 474; x_wconf 72' lang='lat' dir='ltr'>titulos</span> <span class='ocrx_word' id='word_1_22' title='bbox 984 432 1185 486; x_wconf 69' lang='lat' dir='ltr'>capitula</span> <span class='ocrx_word' id='word_1_23' title='bbox 1226 446 1305 472; x_wconf 73' lang='lat' dir='ltr'>sna</span> <span class='ocrx_word' id='word_1_24' title='bbox 1353 432 1476 485; x_wconf 74' lang='lat' dir='ltr'>ipsos</span> <span class='ocrx_word' id='word_1_25' title='bbox 1520 431 1834 481; x_wconf 78' lang='lat' dir='ltr'>constituisse,</span> <span class='ocrx_word' id='word_1_26' title='bbox 1880 432 2081 486; x_wconf 83' lang='lat' dir='ltr'>exempli</span> <span class='ocrx_word' id='word_1_27' title='bbox 2115 434 2290 487; x_wconf 82' lang='lat' dir='ltr'>gratia:</span> 
     </span>
     <span class='ocr_line' id='line_1_4' title="bbox 256 507 2292 564; baseline -0.002 -13"><span class='ocrx_word' id='word_1_28' title='bbox 256 532 271 546; x_wconf 78' lang='grc' dir='ltr'>ιι</span> <span class='ocrx_word' id='word_1_29' title='bbox 303 512 518 552; x_wconf 72' lang='lat' dir='ltr'>Calculus</span> <span class='ocrx_word' id='word_1_30' title='bbox 548 516 613 552; x_wconf 78' lang='lat' dir='ltr'>est</span> <span class='ocrx_word' id='word_1_31' title='bbox 650 509 836 564; x_wconf 76' lang='lat' dir='ltr'>lapillus</span> <span class='ocrx_word' id='word_1_32' title='bbox 870 514 1013 549; x_wconf 84' lang='lat' dir='ltr'>terrae</span> <span class='ocrx_word' id='word_1_33' title='bbox 1046 510 1216 549; x_wconf 71' lang='lat' dir='ltr'>mixtus</span> <span class='ocrx_word' id='word_1_34' title='bbox 1244 526 1279 550; x_wconf 76' lang='grc' dir='ltr'>ιι,</span> <span class='ocrx_word' id='word_1_35' title='bbox 1318 526 1332 544; x_wconf 77' lang='grc' dir='ltr'>ιι</span> <span class='ocrx_word' id='word_1_36' title='bbox 1358 507 1572 547; x_wconf 83' lang='lat' dir='ltr'>Calnaria</span> <span class='ocrx_word' id='word_1_37' title='bbox 1596 511 1663 548; x_wconf 86' lang='lat' dir='ltr'>est</span> <span class='ocrx_word' id='word_1_38' title='bbox 1687 509 1893 549; x_wconf 89' lang='lat' dir='ltr'>anterior</span> <span class='ocrx_word' id='word_1_39' title='bbox 1925 521 2030 563; x_wconf 86' lang='lat' dir='ltr'>pars</span> <span class='ocrx_word' id='word_1_40' title='bbox 2062 508 2227 551; x_wconf 84' lang='lat' dir='ltr'>Cranei</span> <span class='ocrx_word' id='word_1_41' title='bbox 2248 523 2292 561; x_wconf 87' lang='grc' dir='ltr'>ιι;</span> 
     </span>
     <span class='ocr_line' id='line_1_5' title="bbox 253 583 2292 643; baseline 0 -17"><span class='ocrx_word' id='word_1_42' title='bbox 253 588 497 643; x_wconf 75' lang='lat' dir='ltr'>plerosque</span> <span class='ocrx_word' id='word_1_43' title='bbox 521 593 693 630; x_wconf 77' lang='lat' dir='ltr'>autem.</span> <span class='ocrx_word' id='word_1_44' title='bbox 720 585 919 639; x_wconf 75' lang='lat' dir='ltr'>exempli</span> <span class='ocrx_word' id='word_1_45' title='bbox 944 587 1088 637; x_wconf 65' lang='lat' dir='ltr'>gratia</span> <span class='ocrx_word' id='word_1_46' title='bbox 1117 604 1131 619; x_wconf 74' lang='grc' dir='ltr'>ιι</span> <span class='ocrx_word' id='word_1_47' title='bbox 1152 585 1358 625; x_wconf 68' lang='lat' dir='ltr'>(Ialixtus</span> <span class='ocrx_word' id='word_1_48' title='bbox 1386 583 1629 637; x_wconf 76' lang='lat' dir='ltr'>multiplex</span> <span class='ocrx_word' id='word_1_49' title='bbox 1650 600 1688 633; x_wconf 86' lang='grc' dir='ltr'>ιι,</span> <span class='ocrx_word' id='word_1_50' title='bbox 1717 584 1934 626; x_wconf 85' lang='lat' dir='ltr'>habuisse</span> <span class='ocrx_word' id='word_1_51' title='bbox 1962 598 2044 626; x_wconf 91' lang='lat' dir='ltr'>sua</span> <span class='ocrx_word' id='word_1_52' title='bbox 2073 585 2292 640; x_wconf 80' lang='lat' dir='ltr'>capitula,</span> 
     </span>
     <span class='ocr_line' id='line_1_6' title="bbox 250 659 2294 719; baseline -0 -15"><span class='ocrx_word' id='word_1_53' title='bbox 250 679 368 719; x_wconf 80' lang='lat' dir='ltr'>quae</span> <span class='ocrx_word' id='word_1_54' title='bbox 394 678 486 705; x_wconf 78' lang='lat' dir='ltr'>non</span> <span class='ocrx_word' id='word_1_55' title='bbox 508 664 848 717; x_wconf 72' lang='lat' dir='ltr'>transcripserit</span> <span class='ocrx_word' id='word_1_56' title='bbox 869 662 1017 701; x_wconf 75' lang='lat' dir='ltr'>scriba</span> <span class='ocrx_word' id='word_1_57' title='bbox 1045 662 1333 701; x_wconf 64' lang='lat' dir='ltr'>tlorrzianns.</span> <span class='ocrx_word' id='word_1_58' title='bbox 1361 661 1470 700; x_wconf 69' lang='lat' dir='ltr'>Nam</span> <span class='ocrx_word' id='word_1_59' title='bbox 1492 659 1728 701; x_wconf 89' lang='lat' dir='ltr'>interdum</span> <span class='ocrx_word' id='word_1_60' title='bbox 1751 665 1855 715; x_wconf 86' lang='lat' dir='ltr'>post</span> <span class='ocrx_word' id='word_1_61' title='bbox 1873 661 2061 703; x_wconf 90' lang='lat' dir='ltr'>titulum</span> <span class='ocrx_word' id='word_1_62' title='bbox 2081 661 2294 704; x_wconf 89' lang='lat' dir='ltr'>additum</span> 
     </span>
     <span class='ocr_line' id='line_1_7' title="bbox 251 736 2290 793; baseline -0.001 -11"><span class='ocrx_word' id='word_1_63' title='bbox 251 742 407 793; x_wconf 49' lang='lat' dir='ltr'>estrat»</span> <span class='ocrx_word' id='word_1_64' title='bbox 425 741 633 782; x_wconf 70' lang='lat' dir='ltr'>Ordm’iez</span> <span class='ocrx_word' id='word_1_65' title='bbox 654 739 911 780; x_wconf 62' lang='lat' dir='ltr'>uidelicvti:</span> <span class='ocrx_word' id='word_1_66' title='bbox 944 739 1041 777; x_wconf 56' lang='lat' dir='ltr'>unit</span> <span class='ocrx_word' id='word_1_67' title='bbox 1062 737 1204 777; x_wconf 75' lang='lat' dir='ltr'>dicit»</span> <span class='ocrx_word' id='word_1_68' title='bbox 1237 737 1443 790; x_wconf 72' lang='lat' dir='ltr'>Exempli</span> <span class='ocrx_word' id='word_1_69' title='bbox 1464 737 1633 789; x_wconf 85' lang='lat' dir='ltr'>gratia:</span> <span class='ocrx_word' id='word_1_70' title='bbox 1664 736 1953 779; x_wconf 84' lang='lat' dir='ltr'>«December</span> <span class='ocrx_word' id='word_1_71' title='bbox 1972 738 2146 779; x_wconf 84' lang='lat' dir='ltr'>mensis</span> <span class='ocrx_word' id='word_1_72' title='bbox 2171 738 2290 780; x_wconf 85' lang='lat' dir='ltr'>nihil</span> 
     </span>
     <span class='ocr_line' id='line_1_8' title="bbox 249 811 2292 868; baseline -0.001 -8"><span class='ocrx_word' id='word_1_73' title='bbox 249 819 475 860; x_wconf 79' lang='lat' dir='ltr'>dicitur...</span> <span class='ocrx_word' id='word_1_74' title='bbox 503 817 772 858; x_wconf 72' lang='lat' dir='ltr'>Decurantia</span> <span class='ocrx_word' id='word_1_75' title='bbox 797 829 965 868; x_wconf 69' lang='lat' dir='ltr'>corpus</span> <span class='ocrx_word' id='word_1_76' title='bbox 988 815 1249 854; x_wconf 86' lang='lat' dir='ltr'>lmmannm</span> <span class='ocrx_word' id='word_1_77' title='bbox 1273 812 1335 852; x_wconf 91' lang='lat' dir='ltr'>nil</span> <span class='ocrx_word' id='word_1_78' title='bbox 1361 812 1529 853; x_wconf 72' lang='lat' dir='ltr'>«licit...</span> <span class='ocrx_word' id='word_1_79' title='bbox 1564 811 1760 854; x_wconf 90' lang='lat' dir='ltr'>Delbora</span> <span class='ocrx_word' id='word_1_80' title='bbox 1782 813 2007 868; x_wconf 89' lang='lat' dir='ltr'>propheta</span> <span class='ocrx_word' id='word_1_81' title='bbox 2032 814 2096 855; x_wconf 88' lang='lat' dir='ltr'>nit</span> <span class='ocrx_word' id='word_1_82' title='bbox 2122 814 2292 858; x_wconf 87' lang='lat' dir='ltr'>dicit...</span> 
     </span>
     <span class='ocr_line' id='line_1_9' title="bbox 255 888 2294 947; baseline -0.002 -11"><span class='ocrx_word' id='word_1_83' title='bbox 255 895 347 936; x_wconf 83' lang='lat' dir='ltr'>Deo</span> <span class='ocrx_word' id='word_1_84' title='bbox 370 894 502 935; x_wconf 78' lang='lat' dir='ltr'>datus</span> <span class='ocrx_word' id='word_1_85' title='bbox 525 894 627 947; x_wconf 80' lang='lat' dir='ltr'>l‘ap.</span> <span class='ocrx_word' id='word_1_86' title='bbox 650 892 713 933; x_wconf 89' lang='lat' dir='ltr'>nil</span> <span class='ocrx_word' id='word_1_87' title='bbox 734 892 898 932; x_wconf 63' lang='lat' dir='ltr'>‹lit-it...</span> <span class='ocrx_word' id='word_1_88' title='bbox 925 891 1090 931; x_wconf 66' lang='lat' dir='ltr'>thu-ins</span> <span class='ocrx_word' id='word_1_89' title='bbox 1112 890 1281 929; x_wconf 70' lang='lat' dir='ltr'>fluvius</span> <span class='ocrx_word' id='word_1_90' title='bbox 1303 889 1421 929; x_wconf 85' lang='lat' dir='ltr'>nibil</span> <span class='ocrx_word' id='word_1_91' title='bbox 1445 888 1500 930; x_wconf 88' lang='lat' dir='ltr'>de</span> <span class='ocrx_word' id='word_1_92' title='bbox 1519 901 1572 929; x_wconf 90' lang='lat' dir='ltr'>eo</span> <span class='ocrx_word' id='word_1_93' title='bbox 1593 890 1726 943; x_wconf 90' lang='lat' dir='ltr'>ponit</span> <span class='ocrx_word' id='word_1_94' title='bbox 1750 889 1824 931; x_wconf 81' lang='lat' dir='ltr'>hic.</span> <span class='ocrx_word' id='word_1_95' title='bbox 1846 895 2063 932; x_wconf 86' lang='lat' dir='ltr'>auctor...</span> <span class='ocrx_word' id='word_1_96' title='bbox 2086 890 2210 932; x_wconf 85' lang='lat' dir='ltr'>Ebur</span> <span class='ocrx_word' id='word_1_97' title='bbox 2226 889 2294 932; x_wconf 88' lang='lat' dir='ltr'>nil</span> 
     </span>
     <span class='ocr_line' id='line_1_10' title="bbox 254 964 2293 1020; baseline -0.001 -8"><span class='ocrx_word' id='word_1_98' title='bbox 254 973 420 1013; x_wconf 82' lang='lat' dir='ltr'>dicit...</span> <span class='ocrx_word' id='word_1_99' title='bbox 452 971 626 1011; x_wconf 60' lang='lat' dir='ltr'>linotlic</span> <span class='ocrx_word' id='word_1_100' title='bbox 654 973 834 1009; x_wconf 67' lang='lat' dir='ltr'>vacat...</span> <span class='ocrx_word' id='word_1_101' title='bbox 867 967 1194 1020; x_wconf 72' lang='lat' dir='ltr'>l·]‹piiii‹›rtitnn</span> <span class='ocrx_word' id='word_1_102' title='bbox 1222 970 1407 1006; x_wconf 72' lang='lat' dir='ltr'>vacat...</span> <span class='ocrx_word' id='word_1_103' title='bbox 1446 964 1623 1007; x_wconf 84' lang='lat' dir='ltr'>Esicius</span> <span class='ocrx_word' id='word_1_104' title='bbox 1651 970 1833 1007; x_wconf 78' lang='lat' dir='ltr'>vacat...</span> <span class='ocrx_word' id='word_1_105' title='bbox 1858 984 1874 1004; x_wconf 83' lang='grc' dir='ltr'>ιι</span> <span class='ocrx_word' id='word_1_106' title='bbox 1902 971 1987 1008; x_wconf 85' lang='lat' dir='ltr'>etc.</span> <span class='ocrx_word' id='word_1_107' title='bbox 2023 966 2140 1020; x_wconf 85' lang='lat' dir='ltr'>Ergo</span> <span class='ocrx_word' id='word_1_108' title='bbox 2171 966 2293 1009; x_wconf 81' lang='lat' dir='ltr'>tituli</span> 
     </span>
     <span class='ocr_line' id='line_1_11' title="bbox 249 1041 2293 1104; baseline -0.002 -14"><span class='ocrx_word' id='word_1_109' title='bbox 249 1050 420 1104; x_wconf 69' lang='lat' dir='ltr'>quibus</span> <span class='ocrx_word' id='word_1_110' title='bbox 466 1062 558 1088; x_wconf 79' lang='lat' dir='ltr'>non</span> <span class='ocrx_word' id='word_1_111' title='bbox 611 1047 812 1086; x_wconf 69' lang='lat' dir='ltr'>subiecta</span> <span class='ocrx_word' id='word_1_112' title='bbox 859 1049 923 1084; x_wconf 67' lang='lat' dir='ltr'>est</span> <span class='ocrx_word' id='word_1_113' title='bbox 969 1042 1226 1083; x_wconf 68' lang='lat' dir='ltr'>illiusmodi</span> <span class='ocrx_word' id='word_1_114' title='bbox 1270 1047 1393 1091; x_wconf 88' lang='lat' dir='ltr'>nota,</span> <span class='ocrx_word' id='word_1_115' title='bbox 1439 1041 1661 1084; x_wconf 84' lang='lat' dir='ltr'>articulos</span> <span class='ocrx_word' id='word_1_116' title='bbox 1692 1056 1800 1084; x_wconf 91' lang='lat' dir='ltr'>suos</span> <span class='ocrx_word' id='word_1_117' title='bbox 1834 1043 2083 1085; x_wconf 91' lang='lat' dir='ltr'>habebant.</span> <span class='ocrx_word' id='word_1_118' title='bbox 2120 1043 2293 1086; x_wconf 90' lang='lat' dir='ltr'>Eorum</span> 
     </span>
     <span class='ocr_line' id='line_1_12' title="bbox 247 1119 2293 1179; baseline -0.002 -12"><span class='ocrx_word' id='word_1_119' title='bbox 247 1132 366 1167; x_wconf 72' lang='lat' dir='ltr'>cert«-</span> <span class='ocrx_word' id='word_1_120' title='bbox 394 1127 570 1179; x_wconf 74' lang='lat' dir='ltr'>aliquot</span> <span class='ocrx_word' id='word_1_121' title='bbox 592 1124 791 1164; x_wconf 56' lang='lat' dir='ltr'>defuisse</span> <span class='ocrx_word' id='word_1_122' title='bbox 818 1123 860 1161; x_wconf 87' lang='lat' dir='ltr'>in</span> <span class='ocrx_word' id='word_1_123' title='bbox 888 1121 1159 1174; x_wconf 66' lang='lat' dir='ltr'>apographo</span> <span class='ocrx_word' id='word_1_124' title='bbox 1183 1120 1525 1161; x_wconf 77' lang='lat' dir='ltr'>t)r‹lonieziano</span> <span class='ocrx_word' id='word_1_125' title='bbox 1547 1119 1838 1161; x_wconf 86' lang='lat' dir='ltr'>demonstrat</span> <span class='ocrx_word' id='word_1_126' title='bbox 1862 1120 1905 1160; x_wconf 90' lang='lat' dir='ltr'>id</span> <span class='ocrx_word' id='word_1_127' title='bbox 1929 1119 2055 1175; x_wconf 89' lang='lat' dir='ltr'>quod</span> <span class='ocrx_word' id='word_1_128' title='bbox 2080 1124 2293 1163; x_wconf 81' lang='lat' dir='ltr'>notatum</span> 
     </span>
     <span class='ocr_line' id='line_1_13' title="bbox 248 1196 2289 1257; baseline -0.002 -13"><span class='ocrx_word' id='word_1_129' title='bbox 248 1209 313 1244; x_wconf 74' lang='lat' dir='ltr'>est</span> <span class='ocrx_word' id='word_1_130' title='bbox 344 1204 581 1257; x_wconf 70' lang='lat' dir='ltr'>hispanice</span> <span class='ocrx_word' id='word_1_131' title='bbox 611 1216 650 1243; x_wconf 66' lang='lat' dir='ltr'>&lt;a</span> <span class='ocrx_word' id='word_1_132' title='bbox 686 1200 831 1239; x_wconf 69' lang='lat' dir='ltr'>scriba</span> <span class='ocrx_word' id='word_1_133' title='bbox 865 1199 1111 1239; x_wconf 74' lang='lat' dir='ltr'>noi-eziano</span> <span class='ocrx_word' id='word_1_134' title='bbox 1142 1196 1378 1238; x_wconf 49' lang='lat' dir='ltr'>uidelicet)</span> <span class='ocrx_word' id='word_1_135' title='bbox 1405 1196 1461 1237; x_wconf 85' lang='lat' dir='ltr'>ad</span> <span class='ocrx_word' id='word_1_136' title='bbox 1494 1196 1682 1238; x_wconf 85' lang='lat' dir='ltr'>titulum</span> <span class='ocrx_word' id='word_1_137' title='bbox 1719 1213 1736 1234; x_wconf 73' lang='grc' dir='ltr'>(ι</span> <span class='ocrx_word' id='word_1_138' title='bbox 1765 1196 2023 1238; x_wconf 87' lang='lat' dir='ltr'>Colimbria</span> <span class='ocrx_word' id='word_1_139' title='bbox 2051 1197 2253 1239; x_wconf 81' lang='lat' dir='ltr'>civitas»</span> <span class='ocrx_word' id='word_1_140' title='bbox 2279 1211 2289 1239; x_wconf 77' lang='lat'>2</span> 
     </span>
     <span class='ocr_line' id='line_1_14' title="bbox 253 1277 1055 1331; baseline -0.009 -9"><span class='ocrx_word' id='word_1_141' title='bbox 253 1300 269 1316; x_wconf 68' lang='grc' dir='ltr'>ι·</span> <span class='ocrx_word' id='word_1_142' title='bbox 296 1296 355 1322; x_wconf 76' lang='lat' dir='ltr'>no</span> <span class='ocrx_word' id='word_1_143' title='bbox 387 1281 467 1331; x_wconf 72' lang='lat' dir='ltr'>lia)</span> <span class='ocrx_word' id='word_1_144' title='bbox 506 1278 620 1318; x_wconf 71' lang='lat' dir='ltr'>naila</span> <span class='ocrx_word' id='word_1_145' title='bbox 657 1291 711 1317; x_wconf 78' lang='lat' dir='ltr'>en</span> <span class='ocrx_word' id='word_1_146' title='bbox 739 1277 778 1316; x_wconf 89' lang='lat' dir='ltr'>la</span> <span class='ocrx_word' id='word_1_147' title='bbox 805 1277 1010 1317; x_wconf 83' lang='lat' dir='ltr'>materia.</span> <span class='ocrx_word' id='word_1_148' title='bbox 1040 1292 1055 1309; x_wconf 81' lang='grc' dir='ltr'>ιι</span> 
     </span>
    </p>

    <p class='ocr_par' dir='ltr' id='par_1_3' title="bbox 237 1349 2330 2638">
     <span class='ocr_line' id='line_1_15' title="bbox 337 1349 2291 1406; baseline -0.001 -11"><span class='ocrx_word' id='word_1_149' title='bbox 337 1359 551 1397; x_wconf 70' lang='lat' dir='ltr'>Ceterum</span> <span class='ocrx_word' id='word_1_150' title='bbox 589 1356 632 1394; x_wconf 90' lang='lat' dir='ltr'>in</span> <span class='ocrx_word' id='word_1_151' title='bbox 667 1353 920 1406; x_wconf 59' lang='lat' dir='ltr'>archetypo</span> <span class='ocrx_word' id='word_1_152' title='bbox 955 1351 1213 1392; x_wconf 76' lang='lat' dir='ltr'>zamorensi</span> <span class='ocrx_word' id='word_1_153' title='bbox 1249 1349 1406 1392; x_wconf 84' lang='lat' dir='ltr'>titulos</span> <span class='ocrx_word' id='word_1_154' title='bbox 1440 1351 1666 1392; x_wconf 91' lang='lat' dir='ltr'>continua</span> <span class='ocrx_word' id='word_1_155' title='bbox 1700 1351 1816 1392; x_wconf 90' lang='lat' dir='ltr'>serie</span> <span class='ocrx_word' id='word_1_156' title='bbox 1850 1350 2057 1404; x_wconf 90' lang='lat' dir='ltr'>primum</span> <span class='ocrx_word' id='word_1_157' title='bbox 2090 1351 2222 1393; x_wconf 87' lang='lat' dir='ltr'>uelut</span> <span class='ocrx_word' id='word_1_158' title='bbox 2242 1351 2291 1393; x_wconf 92' lang='lat' dir='ltr'>in</span> 
     </span>
     <span class='ocr_line' id='line_1_16' title="bbox 248 1426 2292 1491; baseline -0.003 -15"><span class='ocrx_word' id='word_1_159' title='bbox 248 1434 451 1491; x_wconf 77' lang='lat' dir='ltr'>qiimlam</span> <span class='ocrx_word' id='word_1_160' title='bbox 485 1432 739 1471; x_wconf 52' lang='lat' dir='ltr'>›nannai-io</span> <span class='ocrx_word' id='word_1_161' title='bbox 780 1430 849 1469; x_wconf 74' lang='lat' dir='ltr'>nel</span> <span class='ocrx_word' id='word_1_162' title='bbox 891 1429 1060 1473; x_wconf 71' lang='lat' dir='ltr'>indice,</span> <span class='ocrx_word' id='word_1_163' title='bbox 1096 1427 1264 1469; x_wconf 76' lang='lat' dir='ltr'>deinde</span> <span class='ocrx_word' id='word_1_164' title='bbox 1294 1427 1498 1482; x_wconf 85' lang='lat' dir='ltr'>capitula</span> <span class='ocrx_word' id='word_1_165' title='bbox 1536 1441 1644 1469; x_wconf 85' lang='lat' dir='ltr'>cum</span> <span class='ocrx_word' id='word_1_166' title='bbox 1685 1428 1780 1469; x_wconf 88' lang='lat' dir='ltr'>suis</span> <span class='ocrx_word' id='word_1_167' title='bbox 1814 1426 1960 1469; x_wconf 86' lang='lat' dir='ltr'>titulis</span> <span class='ocrx_word' id='word_1_168' title='bbox 1994 1428 2200 1482; x_wconf 81' lang='lat' dir='ltr'>repetitis</span> <span class='ocrx_word' id='word_1_169' title='bbox 2237 1441 2292 1470; x_wconf 87' lang='lat' dir='ltr'>ex</span> 
     </span>
     <span class='ocr_line' id='line_1_17' title="bbox 248 1503 2292 1560; baseline -0.001 -10"><span class='ocrx_word' id='word_1_170' title='bbox 248 1513 410 1552; x_wconf 72' lang='lat' dir='ltr'>ordin«=</span> <span class='ocrx_word' id='word_1_171' title='bbox 450 1509 671 1550; x_wconf 68' lang='lat' dir='ltr'>collocata</span> <span class='ocrx_word' id='word_1_172' title='bbox 715 1508 852 1547; x_wconf 69' lang='lat' dir='ltr'>fuisse</span> <span class='ocrx_word' id='word_1_173' title='bbox 894 1520 945 1547; x_wconf 79' lang='lat' dir='ltr'>ex</span> <span class='ocrx_word' id='word_1_174' title='bbox 992 1519 1041 1546; x_wconf 88' lang='lat' dir='ltr'>ea</span> <span class='ocrx_word' id='word_1_175' title='bbox 1086 1504 1374 1558; x_wconf 81' lang='lat' dir='ltr'>intellegitur</span> <span class='ocrx_word' id='word_1_176' title='bbox 1418 1509 1526 1546; x_wconf 87' lang='lat' dir='ltr'>nota</span> <span class='ocrx_word' id='word_1_177' title='bbox 1569 1518 1687 1559; x_wconf 91' lang='lat' dir='ltr'>quae</span> <span class='ocrx_word' id='word_1_178' title='bbox 1727 1508 1831 1559; x_wconf 90' lang='lat' dir='ltr'>post</span> <span class='ocrx_word' id='word_1_179' title='bbox 1865 1503 2055 1546; x_wconf 91' lang='lat' dir='ltr'>titulum</span> <span class='ocrx_word' id='word_1_180' title='bbox 2099 1504 2292 1560; x_wconf 86' lang='lat' dir='ltr'>«Copre</span> 
     </span>
     <span class='ocr_line' id='line_1_18' title="bbox 247 1581 2292 1639; baseline -0.003 -9"><span class='ocrx_word' id='word_1_181' title='bbox 247 1589 435 1631; x_wconf 75' lang='lat' dir='ltr'>eremita</span> <span class='ocrx_word' id='word_1_182' title='bbox 465 1606 479 1619; x_wconf 68' lang='grc' dir='ltr'>ιι</span> <span class='ocrx_word' id='word_1_183' title='bbox 516 1587 660 1639; x_wconf 63' lang='lat' dir='ltr'>posita</span> <span class='ocrx_word' id='word_1_184' title='bbox 696 1585 834 1625; x_wconf 89' lang='lat' dir='ltr'>latine</span> <span class='ocrx_word' id='word_1_185' title='bbox 871 1584 945 1628; x_wconf 60' lang='lat' dir='ltr'>«ab</span> <span class='ocrx_word' id='word_1_186' title='bbox 978 1581 1189 1623; x_wconf 74' lang='lat' dir='ltr'>Ordi&#39;n‘iez</span> <span class='ocrx_word' id='word_1_187' title='bbox 1223 1581 1463 1635; x_wconf 86' lang='lat' dir='ltr'>uidelicet)</span> <span class='ocrx_word' id='word_1_188' title='bbox 1492 1594 1577 1622; x_wconf 92' lang='lat' dir='ltr'>nos</span> <span class='ocrx_word' id='word_1_189' title='bbox 1619 1581 1876 1623; x_wconf 91' lang='lat' dir='ltr'>admonet:</span> <span class='ocrx_word' id='word_1_190' title='bbox 1914 1596 1933 1620; x_wconf 70' lang='grc' dir='ltr'>«ι</span> <span class='ocrx_word' id='word_1_191' title='bbox 1961 1581 2011 1622; x_wconf 89' lang='lat' dir='ltr'>ln</span> <span class='ocrx_word' id='word_1_192' title='bbox 2057 1581 2292 1637; x_wconf 89' lang='lat' dir='ltr'>principio</span> 
     </span>
     <span class='ocr_line' id='line_1_19' title="bbox 250 1658 2291 1718; baseline -0.003 -11"><span class='ocrx_word' id='word_1_193' title='bbox 250 1667 386 1718; x_wconf 66' lang='lat' dir='ltr'>lmjns</span> <span class='ocrx_word' id='word_1_194' title='bbox 413 1663 523 1703; x_wconf 81' lang='grc' dir='ltr'>Ιιιιιιί</span> <span class='ocrx_word' id='word_1_195' title='bbox 549 1662 700 1702; x_wconf 81' lang='lat' dir='ltr'>delicit</span> <span class='ocrx_word' id='word_1_196' title='bbox 727 1673 875 1700; x_wconf 85' lang='lat' dir='ltr'>unum</span> <span class='ocrx_word' id='word_1_197' title='bbox 907 1658 1072 1700; x_wconf 83' lang='lat' dir='ltr'>solium</span> <span class='ocrx_word' id='word_1_198' title='bbox 1103 1659 1339 1712; x_wconf 84' lang='lat' dir='ltr'>integrum</span> <span class='ocrx_word' id='word_1_199' title='bbox 1371 1658 1543 1712; x_wconf 85' lang='lat' dir='ltr'>injuria</span> <span class='ocrx_word' id='word_1_200' title='bbox 1573 1662 1857 1712; x_wconf 89' lang='lat' dir='ltr'>temporum,</span> <span class='ocrx_word' id='word_1_201' title='bbox 1886 1658 1959 1700; x_wconf 90' lang='lat' dir='ltr'>vel</span> <span class='ocrx_word' id='word_1_202' title='bbox 1988 1658 2115 1714; x_wconf 91' lang='lat' dir='ltr'>quod</span> <span class='ocrx_word' id='word_1_203' title='bbox 2135 1658 2291 1701; x_wconf 87' lang='lat' dir='ltr'>verius</span> 
     </span>
     <span class='ocr_line' id='line_1_20' title="bbox 247 1734 2291 1790; baseline -0.003 -7"><span class='ocrx_word' id='word_1_204' title='bbox 247 1748 312 1783; x_wconf 80' lang='lat' dir='ltr'>est</span> <span class='ocrx_word' id='word_1_205' title='bbox 344 1741 520 1781; x_wconf 76' lang='lat' dir='ltr'>incuria</span> <span class='ocrx_word' id='word_1_206' title='bbox 557 1743 728 1780; x_wconf 80' lang='lat' dir='ltr'>nostra.</span> <span class='ocrx_word' id='word_1_207' title='bbox 769 1739 813 1777; x_wconf 93' lang='lat' dir='ltr'>in</span> <span class='ocrx_word' id='word_1_208' title='bbox 838 1750 931 1790; x_wconf 80' lang='lat' dir='ltr'>quo</span> <span class='ocrx_word' id='word_1_209' title='bbox 955 1740 1005 1776; x_wconf 88' lang='lat' dir='ltr'>ut</span> <span class='ocrx_word' id='word_1_210' title='bbox 1027 1735 1247 1789; x_wconf 84' lang='lat' dir='ltr'>coligitur</span> <span class='ocrx_word' id='word_1_211' title='bbox 1277 1735 1415 1789; x_wconf 86' lang='lat' dir='ltr'>positi</span> <span class='ocrx_word' id='word_1_212' title='bbox 1451 1739 1581 1776; x_wconf 89' lang='lat' dir='ltr'>erant</span> <span class='ocrx_word' id='word_1_213' title='bbox 1609 1734 1690 1776; x_wconf 89' lang='lat' dir='ltr'>alii</span> <span class='ocrx_word' id='word_1_214' title='bbox 1720 1734 1841 1776; x_wconf 89' lang='lat' dir='ltr'>tituli</span> <span class='ocrx_word' id='word_1_215' title='bbox 1875 1735 2021 1777; x_wconf 88' lang='lat' dir='ltr'>secuti</span> <span class='ocrx_word' id='word_1_216' title='bbox 2048 1735 2104 1777; x_wconf 86' lang='lat' dir='ltr'>ad</span> <span class='ocrx_word' id='word_1_217' title='bbox 2135 1747 2291 1790; x_wconf 87' lang='lat' dir='ltr'>prece-</span> 
     </span>
     <span class='ocr_line' id='line_1_21' title="bbox 243 1811 2291 1869; baseline -0.002 -10"><span class='ocrx_word' id='word_1_218' title='bbox 243 1820 400 1860; x_wconf 68' lang='lat' dir='ltr'>dentes</span> <span class='ocrx_word' id='word_1_219' title='bbox 424 1823 464 1857; x_wconf 67' lang='lat' dir='ltr'>vt</span> <span class='ocrx_word' id='word_1_220' title='bbox 488 1818 626 1857; x_wconf 78' lang='lat' dir='ltr'>etiam</span> <span class='ocrx_word' id='word_1_221' title='bbox 652 1816 805 1869; x_wconf 79' lang='lat' dir='ltr'>aliqua</span> <span class='ocrx_word' id='word_1_222' title='bbox 831 1813 884 1854; x_wconf 88' lang='lat' dir='ltr'>de</span> <span class='ocrx_word' id='word_1_223' title='bbox 898 1813 1188 1854; x_wconf 86' lang='lat' dir='ltr'>caballorum</span> <span class='ocrx_word' id='word_1_224' title='bbox 1205 1813 1566 1867; x_wconf 87' lang='lat' dir='ltr'>proprietatibus</span> <span class='ocrx_word' id='word_1_225' title='bbox 1584 1811 1825 1867; x_wconf 89' lang='lat' dir='ltr'>dequibus</span> <span class='ocrx_word' id='word_1_226' title='bbox 1844 1812 1998 1866; x_wconf 89' lang='lat' dir='ltr'>primo</span> <span class='ocrx_word' id='word_1_227' title='bbox 2019 1812 2112 1866; x_wconf 84' lang='lat' dir='ltr'>agit</span> <span class='ocrx_word' id='word_1_228' title='bbox 2128 1815 2291 1854; x_wconf 88' lang='lat' dir='ltr'>auctor</span> 
     </span>
     <span class='ocr_line' id='line_1_22' title="bbox 243 1888 2289 1950; baseline -0.003 -13"><span class='ocrx_word' id='word_1_229' title='bbox 243 1901 286 1937; x_wconf 90' lang='lat' dir='ltr'>et</span> <span class='ocrx_word' id='word_1_230' title='bbox 320 1895 614 1950; x_wconf 72' lang='lat' dir='ltr'>prosi-quitur</span> <span class='ocrx_word' id='word_1_231' title='bbox 647 1894 690 1933; x_wconf 94' lang='lat' dir='ltr'>in</span> <span class='ocrx_word' id='word_1_232' title='bbox 722 1893 867 1933; x_wconf 86' lang='lat' dir='ltr'>forma</span> <span class='ocrx_word' id='word_1_233' title='bbox 901 1891 1136 1945; x_wconf 89' lang='lat' dir='ltr'>sequenti:</span> <span class='ocrx_word' id='word_1_234' title='bbox 1173 1889 1348 1931; x_wconf 84' lang='lat' dir='ltr'>Relicto</span> <span class='ocrx_word' id='word_1_235' title='bbox 1374 1890 1463 1931; x_wconf 89' lang='lat' dir='ltr'>hoc</span> <span class='ocrx_word' id='word_1_236' title='bbox 1496 1889 1599 1932; x_wconf 92' lang='lat' dir='ltr'>loco</span> <span class='ocrx_word' id='word_1_237' title='bbox 1623 1894 1674 1931; x_wconf 92' lang='lat' dir='ltr'>ut</span> <span class='ocrx_word' id='word_1_238' title='bbox 1703 1890 1739 1931; x_wconf 91' lang='lat' dir='ltr'>si</span> <span class='ocrx_word' id='word_1_239' title='bbox 1770 1890 1817 1930; x_wconf 92' lang='lat' dir='ltr'>in</span> <span class='ocrx_word' id='word_1_240' title='bbox 1850 1889 1908 1930; x_wconf 77' lang='lat' dir='ltr'>S¹⁰</span> <span class='ocrx_word' id='word_1_241' title='bbox 1935 1888 2116 1931; x_wconf 87' lang='lat' dir='ltr'>Isidoro</span> <span class='ocrx_word' id='word_1_242' title='bbox 2147 1902 2289 1944; x_wconf 89' lang='lat' dir='ltr'>quem</span> 
     </span>
     <span class='ocr_line' id='line_1_23' title="bbox 243 1966 2289 2022; baseline -0.003 -8"><span class='ocrx_word' id='word_1_243' title='bbox 243 1975 348 2014; x_wconf 84' lang='lat' dir='ltr'>citat</span> <span class='ocrx_word' id='word_1_244' title='bbox 376 1972 692 2012; x_wconf 67' lang='lat' dir='ltr'>invenerimus</span> <span class='ocrx_word' id='word_1_245' title='bbox 718 1969 957 2010; x_wconf 80' lang='lat' dir='ltr'>materiam</span> <span class='ocrx_word' id='word_1_246' title='bbox 985 1967 1277 2022; x_wconf 77' lang='lat' dir='ltr'>preliabitam</span> <span class='ocrx_word' id='word_1_247' title='bbox 1303 1967 1380 2008; x_wconf 90' lang='lat' dir='ltr'>hic</span> <span class='ocrx_word' id='word_1_248' title='bbox 1403 1980 1504 2008; x_wconf 90' lang='lat' dir='ltr'>eam</span> <span class='ocrx_word' id='word_1_249' title='bbox 1529 1967 1765 2022; x_wconf 89' lang='lat' dir='ltr'>possimus</span> <span class='ocrx_word' id='word_1_250' title='bbox 1791 1966 2152 2008; x_wconf 82' lang='lat' dir='ltr'>transcribere.»</span> <span class='ocrx_word' id='word_1_251' title='bbox 2175 1966 2289 2009; x_wconf 87' lang='lat' dir='ltr'>Nota</span> 
     </span>
     <span class='ocr_line' id='line_1_24' title="bbox 240 2042 2288 2099; baseline -0.003 -8"><span class='ocrx_word' id='word_1_252' title='bbox 240 2055 394 2091; x_wconf 87' lang='lat' dir='ltr'>autem</span> <span class='ocrx_word' id='word_1_253' title='bbox 429 2063 535 2090; x_wconf 92' lang='lat' dir='ltr'>eum</span> <span class='ocrx_word' id='word_1_254' title='bbox 569 2047 748 2088; x_wconf 80' lang='lat' dir='ltr'>dicere:</span> <span class='ocrx_word' id='word_1_255' title='bbox 789 2063 803 2080; x_wconf 72' lang='grc' dir='ltr'><strong><em>κ</em></strong></span> <span class='ocrx_word' id='word_1_256' title='bbox 830 2047 874 2085; x_wconf 91' lang='lat' dir='ltr'>in</span> <span class='ocrx_word' id='word_1_257' title='bbox 908 2045 1198 2099; x_wconf 88' lang='lat' dir='ltr'>principio...</span> <span class='ocrx_word' id='word_1_258' title='bbox 1235 2058 1386 2085; x_wconf 90' lang='lat' dir='ltr'>unum</span> <span class='ocrx_word' id='word_1_259' title='bbox 1417 2044 1581 2085; x_wconf 87' lang='lat' dir='ltr'>solium</span> <span class='ocrx_word' id='word_1_260' title='bbox 1607 2060 1643 2094; x_wconf 78' lang='grc' dir='ltr'>ιι,</span> <span class='ocrx_word' id='word_1_261' title='bbox 1670 2043 1796 2098; x_wconf 91' lang='lat' dir='ltr'>quod</span> <span class='ocrx_word' id='word_1_262' title='bbox 1831 2056 1925 2084; x_wconf 91' lang='lat' dir='ltr'>non</span> <span class='ocrx_word' id='word_1_263' title='bbox 1951 2043 2200 2098; x_wconf 86' lang='lat' dir='ltr'>praecipue</span> <span class='ocrx_word' id='word_1_264' title='bbox 2231 2042 2288 2085; x_wconf 91' lang='lat' dir='ltr'>de</span> 
     </span>
     <span class='ocr_line' id='line_1_25' title="bbox 244 2120 2288 2181; baseline -0.002 -14"><span class='ocrx_word' id='word_1_265' title='bbox 244 2129 395 2181; x_wconf 78' lang='lat' dir='ltr'>primo</span> <span class='ocrx_word' id='word_1_266' title='bbox 420 2125 529 2165; x_wconf 68' lang='lat' dir='ltr'>sulio</span> <span class='ocrx_word' id='word_1_267' title='bbox 554 2124 629 2165; x_wconf 79' lang='lat' dir='ltr'>sed</span> <span class='ocrx_word' id='word_1_268' title='bbox 655 2124 709 2163; x_wconf 80' lang='lat' dir='ltr'>‹le</span> <span class='ocrx_word' id='word_1_269' title='bbox 729 2123 839 2163; x_wconf 74' lang='lat' dir='ltr'>solio</span> <span class='ocrx_word' id='word_1_270' title='bbox 863 2123 1221 2176; x_wconf 86' lang='lat' dir='ltr'>sequentiapost</span> <span class='ocrx_word' id='word_1_271' title='bbox 1245 2121 1531 2163; x_wconf 87' lang='lat' dir='ltr'>uocabulum</span> <span class='ocrx_word' id='word_1_272' title='bbox 1556 2135 1576 2162; x_wconf 71' lang='lat' dir='ltr'>&lt;t</span> <span class='ocrx_word' id='word_1_273' title='bbox 1600 2120 1750 2175; x_wconf 87' lang='lat' dir='ltr'>Copre</span> <span class='ocrx_word' id='word_1_274' title='bbox 1772 2121 1997 2163; x_wconf 79' lang='lat' dir='ltr'>eremita»</span> <span class='ocrx_word' id='word_1_275' title='bbox 2017 2120 2288 2163; x_wconf 82' lang='lat' dir='ltr'>continente</span> 
     </span>
     <span class='ocr_line' id='line_1_26' title="bbox 242 2197 2288 2256; baseline -0.003 -11"><span class='ocrx_word' id='word_1_276' title='bbox 242 2202 597 2256; x_wconf 59' lang='lat' dir='ltr'>intelligendum</span> <span class='ocrx_word' id='word_1_277' title='bbox 619 2205 700 2242; x_wconf 83' lang='lat' dir='ltr'>est.</span> <span class='ocrx_word' id='word_1_278' title='bbox 723 2199 969 2255; x_wconf 78' lang='lat' dir='ltr'>Deperdito</span> <span class='ocrx_word' id='word_1_279' title='bbox 986 2212 1097 2252; x_wconf 84' lang='lat' dir='ltr'>ergo</span> <span class='ocrx_word' id='word_1_280' title='bbox 1123 2198 1234 2240; x_wconf 86' lang='lat' dir='ltr'>solio</span> <span class='ocrx_word' id='word_1_281' title='bbox 1253 2211 1348 2239; x_wconf 90' lang='lat' dir='ltr'>uno</span> <span class='ocrx_word' id='word_1_282' title='bbox 1371 2212 1478 2240; x_wconf 90' lang='lat' dir='ltr'>cum</span> <span class='ocrx_word' id='word_1_283' title='bbox 1505 2211 1601 2240; x_wconf 91' lang='lat' dir='ltr'>non</span> <span class='ocrx_word' id='word_1_284' title='bbox 1627 2197 2068 2240; x_wconf 89' lang='lat' dir='ltr'>inueniretinitium</span> <span class='ocrx_word' id='word_1_285' title='bbox 2092 2197 2288 2252; x_wconf 89' lang='lat' dir='ltr'>capituli</span> 
     </span>
     <span class='ocr_line' id='line_1_27' title="bbox 240 2262 2330 2331; baseline -0.002 -11"><span class='ocrx_word' id='word_1_286' title='bbox 240 2281 294 2321; x_wconf 86' lang='lat' dir='ltr'>de</span> <span class='ocrx_word' id='word_1_287' title='bbox 327 2279 625 2320; x_wconf 86' lang='lat' dir='ltr'>Caballorum</span> <span class='ocrx_word' id='word_1_288' title='bbox 659 2276 1019 2331; x_wconf 86' lang='lat' dir='ltr'>proprietatibus</span> <span class='ocrx_word' id='word_1_289' title='bbox 1046 2276 1197 2328; x_wconf 89' lang='lat' dir='ltr'>(cuius</span> <span class='ocrx_word' id='word_1_290' title='bbox 1229 2275 1392 2316; x_wconf 90' lang='lat' dir='ltr'>titulus</span> <span class='ocrx_word' id='word_1_291' title='bbox 1418 2276 1465 2316; x_wconf 92' lang='lat' dir='ltr'>in</span> <span class='ocrx_word' id='word_1_292' title='bbox 1497 2275 1614 2316; x_wconf 89' lang='lat' dir='ltr'>serie</span> <span class='ocrx_word' id='word_1_293' title='bbox 1639 2275 1818 2329; x_wconf 89' lang='lat' dir='ltr'>primus</span> <span class='ocrx_word' id='word_1_294' title='bbox 1843 2275 1958 2329; x_wconf 85' lang='lat' dir='ltr'>erat)</span> <span class='ocrx_word' id='word_1_295' title='bbox 1983 2273 2284 2316; x_wconf 85' lang='lat' dir='ltr'>interuallum</span> <span class='ocrx_word' id='word_1_296' title='bbox 2327 2262 2330 2267; x_wconf 51' lang='grc'><em>’</em></span> 
     </span>
     <span class='ocr_line' id='line_1_28' title="bbox 239 2349 2285 2408; baseline -0.003 -10"><span class='ocrx_word' id='word_1_297' title='bbox 239 2355 448 2398; x_wconf 74' lang='grc' dir='ltr'>Οτάιίῑιοκ</span> <span class='ocrx_word' id='word_1_298' title='bbox 483 2356 745 2408; x_wconf 72' lang='lat' dir='ltr'>reliquerat,</span> <span class='ocrx_word' id='word_1_299' title='bbox 787 2357 834 2393; x_wconf 88' lang='lat' dir='ltr'>ut</span> <span class='ocrx_word' id='word_1_300' title='bbox 870 2358 1026 2406; x_wconf 78' lang='lat' dir='ltr'>postea</span> <span class='ocrx_word' id='word_1_301' title='bbox 1065 2352 1394 2393; x_wconf 83' lang='lat' dir='ltr'>transcriberet</span> <span class='ocrx_word' id='word_1_302' title='bbox 1428 2351 1585 2393; x_wconf 90' lang='lat' dir='ltr'>locum</span> <span class='ocrx_word' id='word_1_303' title='bbox 1625 2365 1678 2393; x_wconf 88' lang='lat' dir='ltr'>ex</span> <span class='ocrx_word' id='word_1_304' title='bbox 1713 2351 1933 2392; x_wconf 89' lang='lat' dir='ltr'>lsidoro¹.</span> <span class='ocrx_word' id='word_1_305' title='bbox 1970 2349 2130 2392; x_wconf 85' lang='lat' dir='ltr'>Scriba</span> <span class='ocrx_word' id='word_1_306' title='bbox 2172 2363 2285 2392; x_wconf 92' lang='lat' dir='ltr'>uero</span> 
     </span>
     <span class='ocr_line' id='line_1_29' title="bbox 241 2427 2285 2474; baseline -0.002 -1"><span class='ocrx_word' id='word_1_307' title='bbox 241 2433 514 2474; x_wconf 72' lang='lat' dir='ltr'>llorczianus</span> <span class='ocrx_word' id='word_1_308' title='bbox 543 2431 657 2471; x_wconf 82' lang='lat' dir='ltr'>nibil</span> <span class='ocrx_word' id='word_1_309' title='bbox 685 2444 737 2471; x_wconf 80' lang='lat' dir='ltr'>ex</span> <span class='ocrx_word' id='word_1_310' title='bbox 762 2434 970 2471; x_wconf 81' lang='lat' dir='ltr'>extremo</span> <span class='ocrx_word' id='word_1_311' title='bbox 1000 2429 1197 2470; x_wconf 85' lang='lat' dir='ltr'>articulo</span> <span class='ocrx_word' id='word_1_312' title='bbox 1221 2429 1278 2470; x_wconf 86' lang='lat' dir='ltr'>ab</span> <span class='ocrx_word' id='word_1_313' title='bbox 1301 2428 1511 2470; x_wconf 71' lang='lat' dir='ltr'>Ordoi&#39;iez</span> <span class='ocrx_word' id='word_1_314' title='bbox 1542 2429 1758 2470; x_wconf 88' lang='lat' dir='ltr'>nuntiato</span> <span class='ocrx_word' id='word_1_315' title='bbox 1788 2427 1960 2470; x_wconf 90' lang='lat' dir='ltr'>retulit.</span> <span class='ocrx_word' id='word_1_316' title='bbox 1988 2427 2102 2468; x_wconf 72' lang='lat' dir='ltr'>Nam</span> <span class='ocrx_word' id='word_1_317' title='bbox 2129 2427 2285 2470; x_wconf 86' lang='lat' dir='ltr'>statim</span> 
     </span>
     <span class='ocr_line' id='line_1_30' title="bbox 237 2504 2286 2565; baseline -0.002 -15"><span class='ocrx_word' id='word_1_318' title='bbox 237 2509 457 2551; x_wconf 80' lang='lat' dir='ltr'>articulos</span> <span class='ocrx_word' id='word_1_319' title='bbox 479 2526 494 2543; x_wconf 76' lang='lat' dir='ltr'>a</span> <span class='ocrx_word' id='word_1_320' title='bbox 513 2508 758 2548; x_wconf 78' lang='lat' dir='ltr'>Cantabria</span> <span class='ocrx_word' id='word_1_321' title='bbox 776 2527 791 2543; x_wconf 85' lang='grc' dir='ltr'>ιι</span> <span class='ocrx_word' id='word_1_322' title='bbox 815 2512 856 2547; x_wconf 81' lang='lat' dir='ltr'>et</span> <span class='ocrx_word' id='word_1_323' title='bbox 874 2524 888 2541; x_wconf 72' lang='lat' dir='ltr'><em>a</em></span> <span class='ocrx_word' id='word_1_324' title='bbox 909 2507 1193 2547; x_wconf 83' lang='lat' dir='ltr'>Cantabrum</span> <span class='ocrx_word' id='word_1_325' title='bbox 1208 2522 1247 2558; x_wconf 85' lang='grc' dir='ltr'>ιι,</span> <span class='ocrx_word' id='word_1_326' title='bbox 1268 2506 1313 2547; x_wconf 91' lang='lat' dir='ltr'>id</span> <span class='ocrx_word' id='word_1_327' title='bbox 1332 2511 1401 2548; x_wconf 91' lang='lat' dir='ltr'>est</span> <span class='ocrx_word' id='word_1_328' title='bbox 1418 2506 1545 2561; x_wconf 88' lang='lat' dir='ltr'>quod</span> <span class='ocrx_word' id='word_1_329' title='bbox 1567 2506 1686 2547; x_wconf 86' lang='lat' dir='ltr'>Patri</span> <span class='ocrx_word' id='word_1_330' title='bbox 1708 2505 1862 2547; x_wconf 69' lang='lat' dir='ltr'>Florez</span> <span class='ocrx_word' id='word_1_331' title='bbox 1882 2504 1994 2546; x_wconf 92' lang='lat' dir='ltr'>utile</span> <span class='ocrx_word' id='word_1_332' title='bbox 2013 2505 2110 2546; x_wconf 88' lang='lat' dir='ltr'>sore</span> <span class='ocrx_word' id='word_1_333' title='bbox 2131 2504 2286 2565; x_wconf 87' lang='lat' dir='ltr'>existi-</span> 
     </span>
     <span class='ocr_line' id='line_1_31' title="bbox 238 2578 2279 2638; baseline -0.002 -10"><span class='ocrx_word' id='word_1_334' title='bbox 238 2588 407 2636; x_wconf 82' lang='lat' dir='ltr'>mabat,</span> <span class='ocrx_word' id='word_1_335' title='bbox 439 2590 482 2627; x_wconf 89' lang='lat' dir='ltr'>et</span> <span class='ocrx_word' id='word_1_336' title='bbox 504 2599 557 2627; x_wconf 75' lang='lat' dir='ltr'>ex</span> <span class='ocrx_word' id='word_1_337' title='bbox 587 2586 672 2625; x_wconf 72' lang='lat' dir='ltr'>line</span> <span class='ocrx_word' id='word_1_338' title='bbox 698 2584 888 2638; x_wconf 78' lang='lat' dir='ltr'>quidem</span> <span class='ocrx_word' id='word_1_339' title='bbox 914 2588 1096 2625; x_wconf 89' lang='lat' dir='ltr'>tantum</span> <span class='ocrx_word' id='word_1_340' title='bbox 1126 2583 1304 2638; x_wconf 88' lang='lat' dir='ltr'>aliquot</span> <span class='ocrx_word' id='word_1_341' title='bbox 1330 2583 1474 2625; x_wconf 84' lang='lat' dir='ltr'>uerba</span> <span class='ocrx_word' id='word_1_342' title='bbox 1507 2583 1769 2637; x_wconf 86' lang='lat' dir='ltr'>exscripsit,</span> <span class='ocrx_word' id='word_1_343' title='bbox 1805 2582 2068 2636; x_wconf 84' lang='lat' dir='ltr'>adiecitque</span> <span class='ocrx_word' id='word_1_344' title='bbox 2101 2596 2119 2620; x_wconf 89' lang='lat'>«</span> <span class='ocrx_word' id='word_1_345' title='bbox 2140 2578 2179 2622; x_wconf 66' lang='grc' dir='ltr'>δε</span> <span class='ocrx_word' id='word_1_346' title='bbox 2201 2594 2279 2624; x_wconf 78' lang='lat' dir='ltr'>c».</span> 
     </span>
    </p>

    <p class='ocr_par' dir='ltr' id='par_1_4' title="bbox 231 2659 2285 3178">
     <span class='ocr_line' id='line_1_32' title="bbox 326 2659 2285 2715; baseline -0.001 -11"><span class='ocrx_word' id='word_1_347' title='bbox 326 2663 501 2704; x_wconf 86' lang='lat' dir='ltr'>Deinde</span> <span class='ocrx_word' id='word_1_348' title='bbox 536 2662 646 2703; x_wconf 82' lang='lat' dir='ltr'>haec</span> <span class='ocrx_word' id='word_1_349' title='bbox 680 2661 928 2713; x_wconf 76' lang='lat' dir='ltr'>leguntur:</span> <span class='ocrx_word' id='word_1_350' title='bbox 965 2678 981 2697; x_wconf 70' lang='grc' dir='ltr'>(ι</span> <span class='ocrx_word' id='word_1_351' title='bbox 1011 2660 1061 2701; x_wconf 77' lang='grc' dir='ltr'>ΑΙ</span> <span class='ocrx_word' id='word_1_352' title='bbox 1102 2673 1248 2715; x_wconf 89' lang='lat' dir='ltr'>poner</span> <span class='ocrx_word' id='word_1_353' title='bbox 1286 2660 1326 2702; x_wconf 92' lang='lat' dir='ltr'>el</span> <span class='ocrx_word' id='word_1_354' title='bbox 1361 2660 1498 2702; x_wconf 90' lang='lat' dir='ltr'>titulo</span> <span class='ocrx_word' id='word_1_355' title='bbox 1529 2660 1585 2702; x_wconf 92' lang='lat' dir='ltr'>de</span> <span class='ocrx_word' id='word_1_356' title='bbox 1617 2659 1836 2702; x_wconf 91' lang='lat' dir='ltr'>Celorum</span> <span class='ocrx_word' id='word_1_357' title='bbox 1873 2661 2199 2703; x_wconf 88' lang='lat' dir='ltr'>distinctiones</span> <span class='ocrx_word' id='word_1_358' title='bbox 2240 2663 2285 2702; x_wconf 88' lang='lat' dir='ltr'>et</span> 
     </span>
     <span class='ocr_line' id='line_1_33' title="bbox 235 2736 2280 2795; baseline -0.001 -14"><span class='ocrx_word' id='word_1_359' title='bbox 235 2741 538 2795; x_wconf 85' lang='lat' dir='ltr'>proprietates</span> <span class='ocrx_word' id='word_1_360' title='bbox 567 2737 694 2778; x_wconf 82' lang='lat' dir='ltr'>dice:</span> <span class='ocrx_word' id='word_1_361' title='bbox 722 2742 942 2791; x_wconf 82' lang='lat' dir='ltr'>queratur</span> <span class='ocrx_word' id='word_1_362' title='bbox 973 2751 1111 2791; x_wconf 84' lang='lat' dir='ltr'>supra</span> <span class='ocrx_word' id='word_1_363' title='bbox 1143 2738 1189 2778; x_wconf 91' lang='lat' dir='ltr'>in</span> <span class='ocrx_word' id='word_1_364' title='bbox 1222 2737 1501 2791; x_wconf 81' lang='lat' dir='ltr'>Astrologia.</span> <span class='ocrx_word' id='word_1_365' title='bbox 1537 2737 1585 2778; x_wconf 94' lang='lat' dir='ltr'>in</span> <span class='ocrx_word' id='word_1_366' title='bbox 1611 2738 1764 2792; x_wconf 91' lang='lat' dir='ltr'>primo</span> <span class='ocrx_word' id='word_1_367' title='bbox 1793 2737 1914 2780; x_wconf 89' lang='lat' dir='ltr'>libro</span> <span class='ocrx_word' id='word_1_368' title='bbox 1944 2737 2086 2792; x_wconf 88' lang='lat' dir='ltr'>hujus</span> <span class='ocrx_word' id='word_1_369' title='bbox 2113 2736 2280 2792; x_wconf 86' lang='lat' dir='ltr'>operis.</span> 
     </span>
     <span class='ocr_line' id='line_1_34' title="bbox 234 2813 2279 2868; baseline -0.002 -10"><span class='ocrx_word' id='word_1_370' title='bbox 234 2817 387 2859; x_wconf 70' lang='lat' dir='ltr'>Abora</span> <span class='ocrx_word' id='word_1_371' title='bbox 413 2829 458 2857; x_wconf 88' lang='lat' dir='ltr'>se</span> <span class='ocrx_word' id='word_1_372' title='bbox 483 2829 533 2856; x_wconf 67' lang='lat' dir='ltr'>ve</span> <span class='ocrx_word' id='word_1_373' title='bbox 557 2815 682 2855; x_wconf 81' lang='lat' dir='ltr'>claro</span> <span class='ocrx_word' id='word_1_374' title='bbox 707 2828 794 2868; x_wconf 83' lang='lat' dir='ltr'>que</span> <span class='ocrx_word' id='word_1_375' title='bbox 818 2814 857 2855; x_wconf 89' lang='lat' dir='ltr'>el</span> <span class='ocrx_word' id='word_1_376' title='bbox 886 2814 1005 2854; x_wconf 82' lang='lat' dir='ltr'>libro</span> <span class='ocrx_word' id='word_1_377' title='bbox 1027 2828 1118 2868; x_wconf 84' lang='lat' dir='ltr'>que</span> <span class='ocrx_word' id='word_1_378' title='bbox 1142 2815 1229 2855; x_wconf 91' lang='lat' dir='ltr'>cita</span> <span class='ocrx_word' id='word_1_379' title='bbox 1255 2814 1310 2855; x_wconf 92' lang='lat' dir='ltr'>de</span> <span class='ocrx_word' id='word_1_380' title='bbox 1335 2814 1596 2868; x_wconf 85' lang='lat' dir='ltr'>Astrologia</span> <span class='ocrx_word' id='word_1_381' title='bbox 1621 2827 1695 2856; x_wconf 86' lang='lat' dir='ltr'>era</span> <span class='ocrx_word' id='word_1_382' title='bbox 1720 2813 1747 2855; x_wconf 88' lang='grc' dir='ltr'>ό</span> <span class='ocrx_word' id='word_1_383' title='bbox 1771 2813 1927 2855; x_wconf 88' lang='lat' dir='ltr'>estaba</span> <span class='ocrx_word' id='word_1_384' title='bbox 1950 2827 2008 2855; x_wconf 92' lang='lat' dir='ltr'>en</span> <span class='ocrx_word' id='word_1_385' title='bbox 2038 2813 2082 2855; x_wconf 89' lang='lat' dir='ltr'>la</span> <span class='ocrx_word' id='word_1_386' title='bbox 2106 2813 2221 2855; x_wconf 88' lang='lat' dir='ltr'>letra</span> <span class='ocrx_word' id='word_1_387' title='bbox 2243 2813 2279 2854; x_wconf 82' lang='lat' dir='ltr'>A</span> 
     </span>
     <span class='ocr_line' id='line_1_35' title="bbox 234 2888 2279 2946; baseline -0.001 -13"><span class='ocrx_word' id='word_1_388' title='bbox 234 2894 290 2935; x_wconf 88' lang='lat' dir='ltr'>‹le</span> <span class='ocrx_word' id='word_1_389' title='bbox 317 2897 411 2935; x_wconf 89' lang='lat' dir='ltr'>este</span> <span class='ocrx_word' id='word_1_390' title='bbox 442 2892 722 2933; x_wconf 68' lang='lat' dir='ltr'>Armarium.</span> <span class='ocrx_word' id='word_1_391' title='bbox 763 2891 807 2931; x_wconf 71' lang='grc' dir='ltr'>ΙΞΙ</span> <span class='ocrx_word' id='word_1_392' title='bbox 846 2890 1057 2944; x_wconf 79' lang='lat' dir='ltr'>segundo</span> <span class='ocrx_word' id='word_1_393' title='bbox 1088 2890 1208 2932; x_wconf 85' lang='lat' dir='ltr'>libro</span> <span class='ocrx_word' id='word_1_394' title='bbox 1241 2891 1464 2932; x_wconf 83' lang='lat' dir='ltr'>abrazaba</span> <span class='ocrx_word' id='word_1_395' title='bbox 1490 2891 1530 2932; x_wconf 88' lang='lat' dir='ltr'>la</span> <span class='ocrx_word' id='word_1_396' title='bbox 1565 2891 1677 2933; x_wconf 87' lang='lat' dir='ltr'>letra</span> <span class='ocrx_word' id='word_1_397' title='bbox 1706 2891 1752 2932; x_wconf 94' lang='lat' dir='ltr'>B.</span> <span class='ocrx_word' id='word_1_398' title='bbox 1791 2903 1881 2946; x_wconf 91' lang='lat' dir='ltr'>que</span> <span class='ocrx_word' id='word_1_399' title='bbox 1913 2890 2121 2932; x_wconf 83' lang='lat' dir='ltr'>tambien</span> <span class='ocrx_word' id='word_1_400' title='bbox 2154 2888 2279 2942; x_wconf 83' lang='lat' dir='ltr'>salta,</span> 
     </span>
     <span class='ocr_line' id='line_1_36' title="bbox 235 2966 2280 3024; baseline -0.001 -14"><span class='ocrx_word' id='word_1_401' title='bbox 235 2984 260 3024; x_wconf 62' lang='lat' dir='ltr'>y</span> <span class='ocrx_word' id='word_1_402' title='bbox 289 2969 328 3011; x_wconf 92' lang='lat' dir='ltr'>el</span> <span class='ocrx_word' id='word_1_403' title='bbox 364 2973 540 3010; x_wconf 88' lang='lat' dir='ltr'>tercero</span> <span class='ocrx_word' id='word_1_404' title='bbox 574 2981 620 3009; x_wconf 85' lang='lat' dir='ltr'>es</span> <span class='ocrx_word' id='word_1_405' title='bbox 647 2967 685 3008; x_wconf 88' lang='lat' dir='ltr'>el</span> <span class='ocrx_word' id='word_1_406' title='bbox 724 2972 936 3021; x_wconf 84' lang='lat' dir='ltr'>presente</span> <span class='ocrx_word' id='word_1_407' title='bbox 969 2967 1023 3007; x_wconf 87' lang='lat' dir='ltr'>de</span> <span class='ocrx_word' id='word_1_408' title='bbox 1057 2967 1099 3008; x_wconf 89' lang='lat' dir='ltr'>la</span> <span class='ocrx_word' id='word_1_409' title='bbox 1133 2966 1180 3009; x_wconf 79' lang='lat' dir='ltr'>C.</span> <span class='ocrx_word' id='word_1_410' title='bbox 1208 2984 1224 3006; x_wconf 79' lang='grc' dir='ltr'>ιι</span> <span class='ocrx_word' id='word_1_411' title='bbox 1262 2968 1444 3009; x_wconf 89' lang='lat' dir='ltr'>Etenim</span> <span class='ocrx_word' id='word_1_412' title='bbox 1479 2971 1609 3010; x_wconf 89' lang='lat' dir='ltr'>notat</span> <span class='ocrx_word' id='word_1_413' title='bbox 1642 2967 1783 3008; x_wconf 89' lang='lat' dir='ltr'>etiam</span> <span class='ocrx_word' id='word_1_414' title='bbox 1823 2966 1974 3008; x_wconf 88' lang='lat' dir='ltr'>scriba</span> <span class='ocrx_word' id='word_1_415' title='bbox 2003 2966 2280 3008; x_wconf 86' lang='lat' dir='ltr'>ssorezianus</span> 
     </span>
     <span class='ocr_line' id='line_1_37' title="bbox 233 3041 2278 3101; baseline -0.001 -13"><span class='ocrx_word' id='word_1_416' title='bbox 233 3048 312 3101; x_wconf 89' lang='lat' dir='ltr'>qui</span> <span class='ocrx_word' id='word_1_417' title='bbox 345 3046 420 3088; x_wconf 89' lang='lat' dir='ltr'>illa</span> <span class='ocrx_word' id='word_1_418' title='bbox 453 3046 694 3099; x_wconf 83' lang='lat' dir='ltr'>hispanice</span> <span class='ocrx_word' id='word_1_419' title='bbox 724 3044 925 3084; x_wconf 79' lang='lat' dir='ltr'>addidit:</span> <span class='ocrx_word' id='word_1_420' title='bbox 957 3062 973 3077; x_wconf 70' lang='grc' dir='ltr'><em>υ</em></span> <span class='ocrx_word' id='word_1_421' title='bbox 999 3044 1038 3084; x_wconf 90' lang='lat' dir='ltr'>al</span> <span class='ocrx_word' id='word_1_422' title='bbox 1067 3046 1127 3084; x_wconf 82' lang='lat' dir='ltr'>lin</span> <span class='ocrx_word' id='word_1_423' title='bbox 1159 3045 1213 3085; x_wconf 85' lang='lat' dir='ltr'>‹le</span> <span class='ocrx_word' id='word_1_424' title='bbox 1245 3044 1284 3085; x_wconf 89' lang='lat' dir='ltr'>la</span> <span class='ocrx_word' id='word_1_425' title='bbox 1309 3045 1340 3086; x_wconf 93' lang='lat' dir='ltr'>C</span> <span class='ocrx_word' id='word_1_426' title='bbox 1367 3045 1467 3087; x_wconf 89' lang='lat' dir='ltr'>dice</span> <span class='ocrx_word' id='word_1_427' title='bbox 1490 3044 1689 3099; x_wconf 86' lang='lat' dir='ltr'>Explicit</span> <span class='ocrx_word' id='word_1_428' title='bbox 1718 3042 1925 3085; x_wconf 78' lang='lat' dir='ltr'>3¹¹⁸liber.</span> <span class='ocrx_word' id='word_1_429' title='bbox 1958 3059 1976 3081; x_wconf 87' lang='lat'>»</span> <span class='ocrx_word' id='word_1_430' title='bbox 2012 3041 2147 3094; x_wconf 89' lang='lat' dir='ltr'>Quod</span> <span class='ocrx_word' id='word_1_431' title='bbox 2169 3055 2278 3084; x_wconf 86' lang='lat' dir='ltr'>cum</span> 
     </span>
     <span class='ocr_line' id='line_1_38' title="bbox 231 3120 1548 3178; baseline -0.003 -12"><span class='ocrx_word' id='word_1_432' title='bbox 231 3138 285 3166; x_wconf 89' lang='lat' dir='ltr'>eo</span> <span class='ocrx_word' id='word_1_433' title='bbox 308 3123 433 3178; x_wconf 84' lang='lat' dir='ltr'>quod</span> <span class='ocrx_word' id='word_1_434' title='bbox 459 3122 593 3163; x_wconf 88' lang='lat' dir='ltr'>initio</span> <span class='ocrx_word' id='word_1_435' title='bbox 617 3121 826 3162; x_wconf 82' lang='lat' dir='ltr'>eiusdem</span> <span class='ocrx_word' id='word_1_436' title='bbox 853 3120 1029 3161; x_wconf 89' lang='lat' dir='ltr'>litterae</span> <span class='ocrx_word' id='word_1_437' title='bbox 1051 3121 1290 3161; x_wconf 77' lang='lat' dir='ltr'>inuenitur</span> <span class='ocrx_word' id='word_1_438' title='bbox 1312 3121 1548 3175; x_wconf 80' lang='lat' dir='ltr'>congruit.</span> 
     </span>
    </p>

    <p class='ocr_par' dir='ltr' id='par_1_5' title="bbox 228 3196 2278 3558">
     <span class='ocr_line' id='line_1_39' title="bbox 321 3196 2278 3252; baseline -0.002 -12"><span class='ocrx_word' id='word_1_439' title='bbox 321 3199 369 3240; x_wconf 89' lang='lat' dir='ltr'>ln</span> <span class='ocrx_word' id='word_1_440' title='bbox 395 3198 604 3251; x_wconf 76' lang='lat' dir='ltr'>singulas</span> <span class='ocrx_word' id='word_1_441' title='bbox 630 3198 769 3249; x_wconf 66' lang='lat' dir='ltr'>igitur</span> <span class='ocrx_word' id='word_1_442' title='bbox 790 3197 963 3238; x_wconf 80' lang='lat' dir='ltr'>litteras</span> <span class='ocrx_word' id='word_1_443' title='bbox 984 3197 1121 3236; x_wconf 77' lang='lat' dir='ltr'>liuius</span> <span class='ocrx_word' id='word_1_444' title='bbox 1147 3197 1377 3249; x_wconf 76' lang='lat' dir='ltr'>glossarii,</span> <span class='ocrx_word' id='word_1_445' title='bbox 1406 3197 1533 3252; x_wconf 87' lang='lat' dir='ltr'>quod</span> <span class='ocrx_word' id='word_1_446' title='bbox 1554 3211 1680 3239; x_wconf 91' lang='lat' dir='ltr'>nunc</span> <span class='ocrx_word' id='word_1_447' title='bbox 1703 3196 1870 3250; x_wconf 83' lang='lat' dir='ltr'>gallice</span> <span class='ocrx_word' id='word_1_448' title='bbox 1893 3196 2076 3238; x_wconf 88' lang='lat' dir='ltr'>dicatur</span> <span class='ocrx_word' id='word_1_449' title='bbox 2101 3208 2122 3234; x_wconf 74' lang='lat' dir='ltr'>r&lt;</span> <span class='ocrx_word' id='word_1_450' title='bbox 2140 3207 2278 3249; x_wconf 78' lang='lat' dir='ltr'>ency-</span> 
     </span>
     <span class='ocr_line' id='line_1_40' title="bbox 228 3271 2277 3331; baseline -0.003 -13"><span class='ocrx_word' id='word_1_451' title='bbox 228 3275 439 3331; x_wconf 68' lang='lat' dir='ltr'>clopedie</span> <span class='ocrx_word' id='word_1_452' title='bbox 458 3291 474 3312; x_wconf 88' lang='grc' dir='ltr'>ιι</span> <span class='ocrx_word' id='word_1_453' title='bbox 504 3274 607 3314; x_wconf 87' lang='lat' dir='ltr'>libri</span> <span class='ocrx_word' id='word_1_454' title='bbox 631 3273 867 3314; x_wconf 78' lang='lat' dir='ltr'>distributi</span> <span class='ocrx_word' id='word_1_455' title='bbox 893 3277 1038 3313; x_wconf 90' lang='lat' dir='ltr'>erant.</span> <span class='ocrx_word' id='word_1_456' title='bbox 1072 3272 1287 3313; x_wconf 86' lang='lat' dir='ltr'>Ceterum</span> <span class='ocrx_word' id='word_1_457' title='bbox 1314 3274 1454 3314; x_wconf 85' lang='lat' dir='ltr'>etiam</span> <span class='ocrx_word' id='word_1_458' title='bbox 1485 3273 1661 3315; x_wconf 88' lang='lat' dir='ltr'>librum</span> <span class='ocrx_word' id='word_1_459' title='bbox 1681 3273 1898 3315; x_wconf 87' lang='lat' dir='ltr'>nominat</span> <span class='ocrx_word' id='word_1_460' title='bbox 1921 3273 2020 3314; x_wconf 89' lang='lat' dir='ltr'>siue</span> <span class='ocrx_word' id='word_1_461' title='bbox 2044 3271 2277 3313; x_wconf 87' lang='lat' dir='ltr'>Iohannes</span> 
     </span>
     <span class='ocr_line' id='line_1_41' title="bbox 230 3346 2275 3404; baseline -0.002 -10"><span class='ocrx_word' id='word_1_462' title='bbox 230 3354 330 3394; x_wconf 87' lang='lat' dir='ltr'>siue</span> <span class='ocrx_word' id='word_1_463' title='bbox 352 3350 561 3394; x_wconf 68' lang='lat' dir='ltr'>Ordi&#39;n‘iez</span> <span class='ocrx_word' id='word_1_464' title='bbox 586 3349 630 3390; x_wconf 91' lang='lat' dir='ltr'>id</span> <span class='ocrx_word' id='word_1_465' title='bbox 654 3349 779 3404; x_wconf 82' lang='lat' dir='ltr'>quod</span> <span class='ocrx_word' id='word_1_466' title='bbox 804 3349 917 3390; x_wconf 85' lang='lat' dir='ltr'>alias</span> <span class='ocrx_word' id='word_1_467' title='bbox 941 3348 1216 3402; x_wconf 85' lang='lat' dir='ltr'>capitulum,</span> <span class='ocrx_word' id='word_1_468' title='bbox 1247 3362 1330 3390; x_wconf 82' lang='lat' dir='ltr'>nos</span> <span class='ocrx_word' id='word_1_469' title='bbox 1360 3354 1515 3391; x_wconf 84' lang='lat' dir='ltr'>autem</span> <span class='ocrx_word' id='word_1_470' title='bbox 1539 3349 1809 3392; x_wconf 87' lang='lat' dir='ltr'>articulum.</span> <span class='ocrx_word' id='word_1_471' title='bbox 1838 3349 1951 3390; x_wconf 72' lang='lat' dir='ltr'>Nam</span> <span class='ocrx_word' id='word_1_472' title='bbox 1975 3348 2062 3390; x_wconf 92' lang='lat' dir='ltr'>sub</span> <span class='ocrx_word' id='word_1_473' title='bbox 2085 3346 2275 3390; x_wconf 90' lang='lat' dir='ltr'>titulum</span> 
     </span>
     <span class='ocr_line' id='line_1_42' title="bbox 233 3423 2271 3481; baseline -0.001 -14"><span class='ocrx_word' id='word_1_474' title='bbox 233 3448 250 3467; x_wconf 85' lang='lat'>«</span> <span class='ocrx_word' id='word_1_475' title='bbox 270 3429 525 3471; x_wconf 87' lang='lat' dir='ltr'>Climatum</span> <span class='ocrx_word' id='word_1_476' title='bbox 558 3426 849 3467; x_wconf 85' lang='lat' dir='ltr'>diuisiones»</span> <span class='ocrx_word' id='word_1_477' title='bbox 878 3425 1077 3479; x_wconf 82' lang='lat' dir='ltr'>legitur:</span> <span class='ocrx_word' id='word_1_478' title='bbox 1111 3441 1126 3462; x_wconf 72' lang='grc' dir='ltr'>ιι</span> <span class='ocrx_word' id='word_1_479' title='bbox 1147 3425 1458 3479; x_wconf 78' lang='lat' dir='ltr'>Requirantur</span> <span class='ocrx_word' id='word_1_480' title='bbox 1489 3440 1630 3481; x_wconf 87' lang='lat' dir='ltr'>supra</span> <span class='ocrx_word' id='word_1_481' title='bbox 1657 3428 1704 3468; x_wconf 90' lang='lat' dir='ltr'>in</span> <span class='ocrx_word' id='word_1_482' title='bbox 1728 3425 1850 3469; x_wconf 91' lang='lat' dir='ltr'>libro</span> <span class='ocrx_word' id='word_1_483' title='bbox 1873 3425 1929 3467; x_wconf 89' lang='lat' dir='ltr'>de</span> <span class='ocrx_word' id='word_1_484' title='bbox 1952 3423 2271 3478; x_wconf 65' lang='lat' dir='ltr'>Astrologim.</span> 
     </span>
     <span class='ocr_line' id='line_1_43' title="bbox 230 3500 2275 3558; baseline -0.003 -10"><span class='ocrx_word' id='word_1_485' title='bbox 230 3507 294 3549; x_wconf 91' lang='lat' dir='ltr'>De</span> <span class='ocrx_word' id='word_1_486' title='bbox 326 3505 524 3547; x_wconf 87' lang='lat' dir='ltr'>articulo</span> <span class='ocrx_word' id='word_1_487' title='bbox 563 3503 822 3556; x_wconf 73' lang='lat' dir='ltr'>Astrologia</span> <span class='ocrx_word' id='word_1_488' title='bbox 859 3501 1020 3556; x_wconf 89' lang='lat' dir='ltr'>procul</span> <span class='ocrx_word' id='word_1_489' title='bbox 1052 3501 1196 3543; x_wconf 89' lang='lat' dir='ltr'>dubio</span> <span class='ocrx_word' id='word_1_490' title='bbox 1228 3503 1398 3555; x_wconf 83' lang='lat' dir='ltr'>agitur,</span> <span class='ocrx_word' id='word_1_491' title='bbox 1429 3503 1485 3544; x_wconf 87' lang='lat' dir='ltr'>ad</span> <span class='ocrx_word' id='word_1_492' title='bbox 1515 3517 1674 3558; x_wconf 88' lang='lat' dir='ltr'>quem,</span> <span class='ocrx_word' id='word_1_493' title='bbox 1709 3507 1760 3545; x_wconf 90' lang='lat' dir='ltr'>ut</span> <span class='ocrx_word' id='word_1_494' title='bbox 1790 3502 1949 3544; x_wconf 89' lang='lat' dir='ltr'>uisum</span> <span class='ocrx_word' id='word_1_495' title='bbox 1977 3504 2048 3543; x_wconf 88' lang='lat' dir='ltr'>est</span> <span class='ocrx_word' id='word_1_496' title='bbox 2083 3500 2133 3542; x_wconf 87' lang='lat' dir='ltr'>in</span> <span class='ocrx_word' id='word_1_497' title='bbox 2165 3503 2275 3542; x_wconf 84' lang='lat' dir='ltr'>nota</span> 
     </span>
    </p>
   </div>
   <div class='ocr_carea' id='block_1_3' title="bbox 231 3579 1063 3638">
    <p class='ocr_par' dir='ltr' id='par_1_6' title="bbox 231 3579 1063 3638">
     <span class='ocr_line' id='line_1_44' title="bbox 231 3579 1063 3638; baseline -0.007 -13"><span class='ocrx_word' id='word_1_498' title='bbox 231 3582 459 3638; x_wconf 87' lang='lat' dir='ltr'>superiori</span> <span class='ocrx_word' id='word_1_499' title='bbox 483 3582 575 3622; x_wconf 86' lang='lat' dir='ltr'>iarn</span> <span class='ocrx_word' id='word_1_500' title='bbox 598 3579 742 3621; x_wconf 85' lang='lat' dir='ltr'>lector</span> <span class='ocrx_word' id='word_1_501' title='bbox 764 3580 958 3621; x_wconf 87' lang='lat' dir='ltr'>reiectus</span> <span class='ocrx_word' id='word_1_502' title='bbox 982 3583 1063 3619; x_wconf 90' lang='lat' dir='ltr'>est.</span> 
     </span>
    </p>
   </div>
   <div class='ocr_carea' id='block_1_4' title="bbox 314 3671 1363 3711">
    <p class='ocr_par' dir='ltr' id='par_1_7' title="bbox 314 3671 1363 3711">
     <span class='ocr_line' id='line_1_45' title="bbox 314 3671 1363 3711; baseline -0.006 -5"><span class='ocrx_word' id='word_1_503' title='bbox 314 3687 340 3707; x_wconf 85' lang='grc' dir='ltr'>ι.</span> <span class='ocrx_word' id='word_1_504' title='bbox 366 3676 466 3705; x_wconf 84' lang='lat' dir='ltr'>Libro</span> <span class='ocrx_word' id='word_1_505' title='bbox 491 3674 563 3704; x_wconf 79' lang='lat' dir='ltr'>xtt·</span> <span class='ocrx_word' id='word_1_506' title='bbox 590 3672 889 3711; x_wconf 74' lang='lat' dir='ltr'>Etymologiarum</span> <span class='ocrx_word' id='word_1_507' title='bbox 913 3671 982 3709; x_wconf 84' lang='lat' dir='ltr'>(ed.</span> <span class='ocrx_word' id='word_1_508' title='bbox 1009 3671 1137 3709; x_wconf 72' lang='lat' dir='ltr'>Migne,</span> <span class='ocrx_word' id='word_1_509' title='bbox 1163 3675 1195 3701; x_wconf 92' lang='lat' dir='ltr'>n·</span> <span class='ocrx_word' id='word_1_510' title='bbox 1222 3672 1363 3709; x_wconf 50' lang='grc' dir='ltr'>ἰι-ὀᾶ).</span> 
     </span>
    </p>
   </div>
  </div>
 </body>
</html>
