2405 4009
782 224 861 257 Qvo
892 225 994 250 Awo
1025 225 1196 251 rvnmxr
1226 225 1455 252 COMPOSITA
2093 216 2141 255 33

89 309 208 352 illud
238 310 541 353 manifestum
573 311 721 354 facere
750 312 937 354 uidetur
968 313 1095 367 quod
1128 313 1213 354 sub
1246 314 1390 355 finem
1417 315 1560 368 partis
1591 314 1629 356 II
1664 324 1679 362 ᾗ·
1704 316 1727 356 6
1759 316 1929 369 legitur
1963 336 1978 355 «
2002 322 2052 359 ut
2076 324 2141 360 cst

90 387 304 441 superius
343 388 391 428 in
427 388 463 429 H
504 388 655 430 littera
692 389 1067 443 praelibatum».
1107 389 1234 430 vHaec
1274 390 1415 430 uerba
1459 406 1477 429 ((
1503 391 1550 431 in
1591 391 1627 431 H
1666 391 1859 433 littera»
1899 394 1945 433 in
1984 394 2142 435 codice

23 472 32 478 ·
88 462 355 505 academico
392 470 625 520 expuncta
664 470 788 516 sunt,
828 466 1026 520 ideoque
1059 465 1385 512 forsitanfita
1418 480 1468 508 ea
1501 468 1726 508 omiserit.
1760 468 1822 509 Ex
1856 470 2052 511 articulo
2089 472 2143 512 de

88 542 385 582 numantinis
417 541 606 596 populis
630 543 677 582 in
701 555 795 596 quo
819 542 918 583 solo
942 542 1303 593 conueniebant‚
1328 556 1436 584 cum
1462 543 1519 584 ad
1543 544 1745 585 litteram
1775 547 2064 599 superiorem
2096 548 2141 587 in

88 617 253 659 eodem
287 618 423 661 Libro
451 619 713 660 lllustrium
743 619 955 659 uirorum
986 619 1225 668 referrent,
1261 632 1416 660 errore
1447 633 1470 661 a
1495 620 1704 661 Iohanne
1730 623 2007 675 transcripta
2031 623 2142 664 dum

89 693 280 739 Librum
312 695 367 737 de
397 695 661 737 Praeconiis
689 695 893 736 ciuitatis
923 686 1231 737 numantinae
1261 697 1465 747 conficit,
1491 696 1658 739 deinde
1690 698 1738 738 in
1769 698 1928 740 codice
1953 700 2142 753 quidem

87 771 354 813 academico
390 784 520 813 erasa
557 785 656 813 csse
689 772 799 813 satis
838 772 1082 826 probabile
1119 777 1200 815 est.
1241 773 1361 814 Cum
1400 778 1554 815 autem
1593 774 1759 816 eodem
1803 775 1923 827 loco,
1968 777 2143 817 omisso

88 852 243 890 tamen
291 864 309 888 <‹
333 849 545 903 superius
569 864 605 899 »‚
655 848 818 890 eadem
856 849 1040 901 habeat,
1087 851 1187 904 pari
1231 851 1373 892 modo
1415 850 1576 892 Thesis
1621 850 1798 892 nodosa
1842 865 1864 893 e
1908 853 2143 906 praedicto

87 926 285 968 articulo
322 929 523 967 extracta
562 939 677 978 esse,
713 926 804 967 nisi
843 927 943 981 ipsa
982 927 1029 967 in
1070 927 1208 968 Libro
1245 927 1502 969 illustrium
1538 928 1753 969 uirorum
1802 929 2143 983 comprehensa

87 1003 239 1054 fuerit,
265 1017 311 1043 u.
336 1016 405 1056 gr.
433 1002 520 1043 sub
543 1003 690 1044 uerbo
717 1019 735 1041 «
758 1004 1060 1045 Zamorenses
1086 1003 1249 1058 populi
1274 1021 1310 1045 n.

175 1081 392 1122 Ceterum
415 1083 614 1122 stemma
637 1079 755 1121 illud
779 1084 980 1135 quatuor
1002 1093 1057 1121 ex
1079 1085 1206 1134 parte
1228 1080 1458 1122 similium
1491 1081 1724 1123 librorum
1758 1082 1833 1123 uel
1864 1086 2140 1125 tractatuum

86 1158 255 1200 certius
280 1157 504 1198 constitui
528 1171 611 1198 nec
636 1170 772 1212 posse
795 1170 946 1212 neque
971 1158 1165 1199 attinere
1189 1158 1390 1200 uidetur.
1409 1159 1560 1199 Unam
1585 1172 1683 1200 esse
1702 1161 1962 1211 materiam,
1982 1160 2144 1201 formis

85 1235 381 1289 aliquantum
403 1233 652 1285 distinctis,
685 1234 937 1289 quinquies
960 1235 1222 1288 repetitam,
1256 1234 1411 1275 solum
1436 1235 1589 1286 refert,
1624 1250 1680 1276 nc
1704 1236 1808 1290 quis
1834 1249 1887 1277 ex
1912 1250 1981 1287 eo,
2018 1238 2142 1291 quod

85 1312 135 1353 in
172 1311 293 1352 libro
335 1311 523 1352 laudato
561 1311 610 1366 (t.
648 1311 683 1362 I,
719 1325 757 1353 c.
792 1311 826 1362 I,
861 1325 907 1366 p.
946 1311 1013 1364 15)
1053 1312 1240 1366 scripsit
1277 1312 1563 1353 zamorensis
1596 1312 1847 1354 Caesareus
1881 1314 2145 1355 Fernandez

85 1388 212 1430 Duro
244 1391 288 1430 et
316 1389 611 1443 transcripsit
642 1388 756 1439 Fita,
791 1388 984 1443 colligat
1014 1388 1199 1430 diuersa
1230 1402 1372 1443 opera
1404 1402 1534 1430 esse:
1570 1404 1590 1431 «
1611 1389 1846 1431 Enderezo
1876 1391 1899 1431 a
1931 1379 1983 1431 su
2016 1392 2144 1445 regio

84 1465 330 1508 educando
359 1466 402 1507 la
430 1466 543 1507 obra
573 1465 767 1507 titulada
797 1465 862 1507 De
891 1467 1173 1521 praeconiis,
1201 1466 1227 1507 ό
1258 1480 1332 1508 sea
1361 1466 1650 1508 excelencias
1681 1467 1736 1509 de
1767 1468 1963 1522 Espai‘na,
1991 1469 2144 1511 donde

84 1542 430 1584 naturalmente
462 1557 581 1597 puso
612 1543 678 1584 las
711 1556 801 1598 que
840 1543 864 1584 a
903 1557 956 1585 su
980 1544 1129 1598 juicio
1159 1544 1420 1586 enaltecian
1454 1544 1478 1585 a
1509 1545 1725 1596 Zamora;
1763 1545 1976 1600 despues,
2013 1559 2069 1587 en
2102 1547 2143 1588 el

84 1620 323 1662 Tractatus
345 1619 401 1661 de
426 1620 676 1675 Hispaniae
700 1620 1020 1675 impositione,
1052 1634 1108 1662 en
1131 1621 1172 1662 el
1203 1621 1614 1676 Paralipomenon,
1643 1635 1697 1663 en
1730 1622 1796 1663 las
1820 1622 1959 1664 Vidas
1988 1623 2043 1664 de
2073 1623 2142 1665 105

84 1702 242 1739 santos
289 1710 564 1739 zamoranos
609 1696 861 1748 Ildefonso,
898 1697 1102 1750 Atilano,
1136 1697 1374 1750 Baudelio,
1420 1697 1663 1748 Cucufato,
1715 1698 1953 1752 Domingo
1994 1700 2142 1742 Yasiez

85 1775 346 1826 Sarracino,
383 1773 629 1815 Fernando
659 1788 688 1828 y
716 1779 860 1826 otros,
894 1773 1045 1828 allego
1070 1774 1266 1816 noticias
1290 1775 1345 1816 de'
1369 1776 1411 1817 la
1441 1774 1690 1827 localidad,
1721 1776 1819 1816 mas
1849 1777 2142 1818 circunstan-

83 1852 237 1893 ciadas
260 1864 318 1892 en
342 1851 411 1892 los
435 1851 690 1906 opusculos
712 1851 962 1905 especiales
982 1864 1071 1905 que
1093 1851 1227 1893 titulo
1248 1852 1409 1894 Thesis
1432 1853 1611 1894 nodosa
1631 1867 1687 1893 an
1709 1853 2070 1909 Zamoram(sic)
2085 1855 2143 1896 sit

82 1929 332 1970 Numantia
354 1943 383 1983 y
406 1928 540 1970 Liber
566 1928 621 1969 de
646 1929 909 1982 praeconiis
933 1929 1133 1983 civitatis
1160 1928 1437 1971 Numantiae
1460 1943 1602 1984 quam
1619 1930 1885 1986 (sic)edidit
1910 1931 1981 1974 Fr.
2009 1931 2142 1972 Ioan-

82 2019 164 2047 nes
187 2005 379 2060 Egidius
402 2006 567 2047 doctor
589 2006 787 2047 fratrum
813 2006 1056 2047 minorum
1079 2007 1450 2048 Zamorensium.
1473 2021 1493 2048 ))

170 2083 326 2138 Neque
358 2083 406 2124 in
445 2083 606 2124 animo
638 2083 790 2124 habeo
824 2096 1113 2138 quemquam
1150 2084 1493 2138 reprehendere
1521 2084 1647 2139 quod
1680 2085 1971 2139 ignorauerit
2002 2086 2049 2126 id
2083 2086 2139 2127 ad

81 2160 208 2216 quod
232 2160 527 2202 noscendum
551 2161 780 2202 maiorem
806 2161 1015 2201 laborem
1040 2166 1184 2216 quam
1208 2175 1376 2216 operae
1402 2175 1512 2203 sane
1535 2163 1740 2216 pretium
1764 2167 1861 2204 erat
1884 2163 2137 2217 insumpsi,

81 2251 233 2292 neque
265 2237 384 2278 illud
417 2237 653 2279 declarare
691 2238 982 2279 curauissem
1021 2239 1113 2279 nisi
1153 2238 1298 2280 semel
1336 2239 1451 2293 quid
1490 2240 1539 2280 in
1577 2239 1672 2281 illis
1712 2230 1968 2282 decantatis
2006 2240 2139 2282 libris

80 2315 303 2356 monachi
325 2315 613 2356 zamorensis
636 2314 749 2356 utile
771 2315 849 2356 uel
872 2328 1055 2356 nouum
1077 2320 1211 2367 esset,
1237 2316 1364 2370 quod
1394 2317 1442 2357 in
1472 2316 1555 2357 illo
1586 2330 1727 2371 quem
1759 2316 2020 2371 publicauit
2043 2317 2140 2359 Fita

81 2405 178 2433 non
202 2392 540 2444 contineretur,
568 2392 807 2447 inquirere
830 2406 915 2447 pro
934 2393 1062 2433 uirili
1090 2398 1219 2447 parte
1243 2394 1550 2448 cupiuissem.
1585 2394 1681 2435 Iam
1714 2398 1869 2436 tamen
1893 2399 2139 2436 tractatum

80 2468 136 2510 de
161 2469 411 2523 Hispaniae
434 2470 741 2524 impositione
764 2483 861 2511 non
886 2470 1014 2511 aliud
1036 2484 1135 2512 esse
1154 2470 1306 2512 dicere
1333 2484 1528 2525 possum
1548 2485 1690 2526 quam
1714 2472 1904 2513 titulum
1925 2486 2066 2526 quem
2091 2473 2138 2512 in

79 2546 277 2601 prologo
301 2545 427 2587 Libri
444 2545 501 2588 de
525 2546 790 2588 Praeconiis
811 2547 1063 2601 Hispaniae
1088 2547 1321 2589 Iohannes
1346 2549 1502 2603 primo
1526 2550 1743 2591 tractatui
1765 2550 1812 2590 in
1834 2548 1998 2591 eodem
2018 2549 2138 2590 libro

80 2623 422 2678 comprehenso
446 2624 688 2678 imposuit.
716 2624 872 2666 Titulo
901 2629 1057 2666 autem
1091 2625 1487 2680 Paralipomenon
1517 2626 1631 2680 quid
1662 2627 1906 2681 designare
1937 2626 2141 2668 uoluerit

82 2700 330 2742 Caesareus
349 2700 502 2742 adhuc
521 2715 596 2742 me
614 2701 756 2743 latere
772 2702 929 2754 fateor,
952 2703 1041 2743 nisi
1060 2702 1175 2744 forte
1194 2716 1313 2757 opus
1333 2702 1560 2744 Iohannis
1579 2704 1892 2757 gerundensis
1910 2704 2139 2745 indicauit

79 2775 152 2832 (de
175 2790 268 2831 quo
292 2777 585 2819 uide'meum
609 2777 786 2819 librum
815 2795 832 2817 «
856 2779 936 2820 Les
963 2779 1188 2820 Histoires
1213 2779 1452 2833 generales
1477 2780 1738 2835 d'Espagne
1762 2798 1799 2833 η,
1830 2795 1875 2835 p.
1904 2780 1995 2838 47).

167 2853 224 2895 Vt
236 2854 758 2910 animaduertitFita(p.
779 2857 896 2908 200),
916 2856 1051 2897 Libro
1065 2857 1119 2898 de
1138 2857 1404 2899 praeconiis
1419 2858 1621 2899 ciuitatis
1634 2859 1944 2900 numantinae
1958 2872 2137 2899 annum

80 2932 297 2985 apposuit
315 2932 537 2986 scriptor:
569 2946 589 2972 «
604 2933 660 2973 ab
685 2933 1011 2975 incarnatione
1035 2947 1148 2975 uero
1172 2933 1357 2975 domini
1375 2939 1643 2976 recurrente
1672 2949 1796 2976 anno
1816 2935 2136 2976 CC⁰LXXXII⁰

79 3008 206 3049 fuere
230 3009 459 3062 hyspanie
481 3022 610 3063 reges
636 3009 706 3050 Lx
731 3024 904 3052 nouem
928 3028 944 3049 n
971 3010 1037 3065 (p.
1072 3010 1187 3066 178).
1214 3011 1349 3062 Quod
1372 3012 1513 3053 etiam
1544 3013 1592 3052 in
1619 3012 1760 3054 Libro
1790 3012 1845 3054 de
1870 3013 2135 3054 Praeconiis

80 3085 330 3139 Hispaniae
367 3086 533 3128 eodem
564 3087 669 3128 loco
708 3088 880 3141 legitur
909 3087 1016 3143 (ms.
1045 3089 1112 3139 P„
1140 3089 1170 3129 f.
1199 3086 1310 3146 91¹¹).
1344 3088 1407 3130 Ex
1436 3089 1527 3130 alia
1560 3093 1689 3143 parte
1720 3090 1903 3131 notauit
1933 3090 1978 3130 id
2008 3090 2135 3144 quod

79 3176 124 3216 p.
167 3162 245 3208 146
279 3163 544 3204 inuenitur:
578 3179 596 3203 «
618 3164 901 3218 Recuperata
940 3165 1026 3206 fuit
1057 3165 1376 3207 nihilominus
1416 3167 1646 3220 hyspania
1682 3179 1764 3221 per
1797 3166 1972 3208 multos
2008 3180 2134 3220 reges

79 3239 261 3280 nobiles
300 3239 387 3280 sibi
428 3240 635 3281 inuicem
679 3241 980 3283 succedentes
1018 3256 1167 3297 usque
1209 3243 1265 3284 ad
1305 3256 1462 3297 regem
1496 3243 1843 3297 Allephonsum
1877 3245 1925 3284 111
1963 3244 2131 3297 Regem

79 3315 401 3357 Romanorum
430 3316 628 3358 electum
659 3321 703 3358 et
732 3317 964 3359 illustrem
988 3319 1209 3360 Sancium
1239 3320 1390 3360 filium
1421 3320 1519 3361 eius
1552 3321 1633 3374 qui
1664 3321 1757 3361 iam
1790 3321 1943 3362 eidem
1968 3321 2132 3373 incipit

78 3406 330 3447 coregnare
363 3393 448 3434 sub
481 3407 608 3434 anno
641 3394 834 3435 Domini
868 3395 1300 3438 M0CC⁰LXXV1110.
1328 3413 1344 3434 ι)
1379 3396 1513 3448 Quod
1543 3398 1684 3438 etiam
1716 3401 1784 3439 est
1816 3399 1864 3438 in
1906 3397 2043 3438 Libro
2077 3398 2132 3437 dc

80 3470 344 3511 Praeconiis
368 3470 617 3524 Hispaniae
642 3472 723 3525 qui
748 3475 903 3512 tamen
924 3471 1246 3514 MCCLXXVII
1267 3474 1405 3514 habet
1429 3487 1512 3527 pro
1536 3473 1928 3521 MCCLXXVIII1,
1957 3478 1996 3515 et
2023 3487 2128 3514 cum

78 3559 132 3588 eo
156 3560 267 3588 sane
288 3547 509 3600 congruit
531 3547 676 3589 codex
699 3547 1013 3600 academicus,
1040 3549 1090 3589 in
1114 3562 1207 3604 quo
1233 3550 1249 3591 I
1271 3550 1496 3592 ultimum
1519 3555 1808 3605 expunctum
1833 3555 1914 3592 est.

165 3651 190 3670 1.
216 3640 254 3670 In
278 3641 436 3678 margine
459 3651 476 3670 «
492 3641 624 3680 incip‘»
647 3650 717 3672 non
740 3642 775 3671 in
800 3644 895 3672 textu
917 3644 965 3673 cst
990 3643 1023 3672 in
1047 3643 1162 3673 codice
1185 3643 1221 3673 P.
