2405 4009
193 273 240 313 70
772 271 869 305 Qun
900 272 945 298 tx
978 271 1231 297 Tasrmoxns
1261 271 1370 297 sous
1398 270 1650 297 cotue-Arva

251 361 509 403 Notandum
540 365 604 402 est
639 365 792 401 tamen
834 362 1113 402 sententiam
1149 373 1290 415 qnam
1326 359 1523 400 Iohanni
1568 359 1783 401 attribuit
1823 359 1980 413 ipsum
2026 359 2233 403 refellere

190 437 477 479 Florianum.
507 438 619 478 Nam
652 437 901 492 antiquum
937 438 1196 489 Saguntum
1229 435 1473 478 Murredre
1503 448 1602 477 esse
1624 439 1745 477 recte
1771 436 2051 479 existimatu
2080 436 2233 492 Neque

187 518 376 568 apparet
399 528 480 554 cur
503 514 705 555 auctoris
730 514 936 554 tinxisset
963 514 1241 554 sententiam
1268 514 1420 553 solum
1441 516 1490 554 ut
1513 516 1674 554 contra
1699 524 1800 553 eam
1824 511 2013 554 diceret.

275 593 445 631 (Iontra
477 604 616 645 qnam
649 589 763 631 solet
798 590 1031 631 lulianum
1072 589 1331 630 Diaconum
1366 589 1442 630 hie
1467 603 1557 630 una
1591 601 1700 630 cum
1735 587 1943 630 Iohanne
1973 602 2068 631 non
2103 590 2229 633 citat.

190 667 300 708 Nam
327 673 393 709 ter
418 669 508 709 iam
534 668 659 709 hunc
683 680 790 709 cum
818 666 899 706 illo
923 667 1052 706 citari
1081 666 1313 710 uidimus:
1341 670 1385 707 et
1410 665 1481 706 bis
1505 665 1644 707 ctiam
1669 665 1806 706 titulo
1831 664 2055 707 Iohannis
2078 667 2234 720 operis

190 758 282 784 non
316 744 536 789 indicato.
572 744 735 785 ambos
768 743 1000 798 producit.
1037 743 1246 783 Primum
1279 742 1333 783 de
1365 743 1574 784 Asturica
1601 755 1742 797 quam
1772 756 1794 782 a
1821 742 1945 783 tribu
1971 741 2230 796 Gallorum,

189 824 408 863 Asturum
450 822 659 864 nomine.
693 820 931 862 coiiditam
977 820 1141 860 asserit
1177 819 1303 873 (uide
1341 818 1652 874 appendicem
1694 819 1763 873 C).
1808 818 2040 860 Iohannes
2078 823 2233 862 autem

191 900 426 940 Asturieae
470 898 584 939 olim
631 899 819 938 llamam
869 910 1041 937 nomen
1087 897 1229 937 fuisse
1273 901 1453 937 tantum
1497 896 1652 937 dicit2.
1701 895 1833 947 Quod
1877 909 1983 937 cum
2029 896 2233 939 Floriani

187 977 412 1016 sententia
460 989 620 1029 parum
661 986 918 1026 congruere
958 973 1158 1014 uidetur.
1203 973 1471 1014 Secundum
1509 973 1565 1014 de
1601 972 1877 1027 Olisippone
1916 972 2073 1015 Vlixea
2109 972 2236 1028 (uide

187 1053 495 1107 appendicem
532 1052 600 1092 D».
638 1052 745 1091 Nam
779 1052 985 1104 Ocampo
1016 1049 1072 1090 ab
1107 1049 1237 1091 Vlixe
1272 1050 1452 1091 trahere
1489 1050 1719 1103 originem
1756 1048 1884 1091 illam
1919 1049 2082 1092 urbem
2118 1049 2238 1092 exis-

188 1130 318 1170 timat
347 1134 388 1170 et
416 1129 673 1169 iohannem
702 1129 826 1171 citat.
855 1131 975 1169 recte
998 1127 1190 1181 quidem
1221 1140 1227 1167 :
1255 1126 1368 1168 haec
1392 1127 1519 1168 enim
1550 1125 1676 1167 illius
1707 1127 1950 1167 inuenitur
1972 1126 2231 1168 sententia:

191 1222 208 1243 «
234 1205 460 1247 L'lixbona
496 1206 567 1245 nel
602 1205 830 1246 Olixhona
866 1205 1033 1245 ciuitas
1069 1208 1136 1245 est
1171 1204 1215 1244 in
1252 1204 1487 1258 IIyspania
1522 1203 1579 1244 ab
1613 1203 1739 1244 ulixe
1771 1202 1958 1244 condita
1992 1206 2037 1244 et
2072 1206 2236 1245 uocata

186 1283 445 1323 secundum
467 1282 741 1335 lipsiilorum
764 1281 835 1322 ΧΥ
860 1281 980 1322 libro
998 1280 1416 1334 ethimologiarum
1433 1293 1453 1321 ι)
1475 1280 1526 1333 (s⁰
1545 1280 1598 1334 (ῖς)
1619 1279 1720 1321 cod.
1749 1279 1795 1322 P.
1822 1283 1865 1321 ct
1888 1280 1935 1320 in
1963 1279 2178 1322 «Boletin
2194 1295 2235 1338 η,

187 1364 216 1400 t.
248 1359 298 1404 Υ,
328 1374 370 1413 p.
401 1360 513 1412 ιἰι).

278 1437 395 1487 Ergo
420 1437 565 1477 sexies
589 1437 696 1477 citat
725 1436 980 1476 iohannem
1006 1436 1228 1488 Ocampo.
1267 1433 1416 1475 Semel
1445 1434 1544 1475 eius
1574 1432 1743 1475 refellit
1775 1434 2070 1484 sententiam,
2098 1434 2234 1489 quin·

188 1515 321 1568 quies
346 1515 383 1554 ei
415 1515 682 1554 assentitur.
711 1512 843 1563 Quod
869 1517 1023 1553 autem
1044 1511 1098 1552 de
1124 1512 1267 1552 Roma
1293 1515 1335 1552 et
1359 1511 1570 1552 Asturica
1595 1510 1784 1552 condita
1809 1510 2023 1562 affirmat,
2051 1509 2234 1553 nullum

188 1594 423 1630 auctorem
449 1590 587 1630 hahet
611 1590 699 1629 nisi
729 1589 987 1630 Iohannem
1012 1592 1054 1630 et
1075 1587 1312 1628 Iulianum
1332 1587 1612 1629 Diaconum.
1637 1586 1847 1628 Iulianus
1868 1599 1982 1629 uero
2001 1587 2237 1630 Diaconus

192 1680 423 1721 nusquam
448 1666 669 1720 deinceps
694 1667 923 1720 apparuit.
954 1665 1229 1715 Iohannem.
1257 1669 1308 1706 ut
1328 1665 1556 1716 uidimus,
1583 1663 1639 1706 de
1663 1664 1873 1706 Asturica
1897 1667 1941 1706 et
1963 1665 2236 1719 praesertim

191 1744 245 1784 de
273 1744 412 1784 Roma
435 1743 572 1797 longe
593 1742 728 1784 aliter
749 1757 800 1784 ac
824 1746 1015 1784 testatur
1038 1742 1246 1796 Ocampo
1271 1742 1442 1783 sentire
1466 1745 1603 1796 patet.

277 1820 408 1871 Quod
465 1820 521 1861 ad
577 1820 773 1861 Romam
835 1818 1077 1861 conditam
1136 1820 1353 1874 pertinet,
1416 1819 1564 1872 magis
1624 1818 1829 1861 interest.
1885 1818 2036 1871 Quare
2087 1819 2237 1874 magis

185 1898 239 1937 ad
267 1897 380 1937 illud
413 1898 580 1938 iterum
605 1896 943 1938 attendendum
967 1897 1080 1948 est-³,
1106 1900 1157 1938 ut
1179 1896 1234 1938 de
1258 1896 1348 1937 fide
1371 1895 1574 1937 Floriani
1602 1899 1696 1937 tam
1718 1899 1929 1950 suspecta
1953 1895 2235 1949 iudicemus,

185 1979 226 2015 et
263 1973 374 2028 quid
414 1974 618 2028 denique
654 1973 709 2015 de
751 1973 830 2016 illo
870 1973 1007 2015 Libro
1045 1973 1100 2014 de
1139 1973 1499 2027 antiquitatibus
1540 1972 1787 2027 Hispaniae
1825 1972 2112 2014 credendum
2157 1972 2234 2025 sit,

185 2051 547 2104 comperiamus.

276 2127 510 2168 lulianum
557 2127 818 2169 Diaconum
863 2128 1131 2181 principem
1174 2126 1230 2168 de
1278 2127 1418 2168 Roma
1464 2126 1651 2168 condita
1705 2130 1946 2168 auctorem
1999 2126 2233 2181 producit.
2293 2139 2295 2142 ⁴

184 2205 385 2246 Tantum
416 2204 675 2245 Iohannem
703 2205 812 2245 citat
836 2209 886 2245 ut
910 2204 1124 2246 ostendat
1146 2205 1245 2245 eius
1267 2208 1476 2258 tempore
1501 2203 1629 2244 illam
1649 2204 1944 2258 opinionem,
1966 2217 2107 2259 quam
2131 2216 2238 2260 pro-

187 2282 335 2335 ponit,
383 2285 605 2335 tanquam
652 2280 977 2335 peruulgatam
1017 2285 1060 2322 et
1096 2281 1397 2323 notissimam
1441 2280 1598 2332 fuisse,
1645 2281 1821 2336 quippe
1864 2294 2006 2336 quam
2052 2281 2239 2324 omittat

185 2357 446 2399 monachus
481 2358 688 2412 probare.
738 2358 995 2399 Ilistoricos
1030 2357 1205 2399 multos
1248 2359 1362 2410 (non
1404 2370 1481 2399 eos
1519 2358 1753 2412 nominat)
1794 2357 1919 2399 idem
1956 2357 2238 2400 confirmare

186 2435 428 2476 Florianus
461 2435 606 2485 addit,
646 2436 791 2476 immo
829 2434 1068 2477 Iulianum
1103 2436 1258 2490 ipsum
1280 2435 1413 2490 quasi
1450 2434 1754 2476 manifestum
1791 2435 1884 2476 iam
1916 2434 2100 2477 referre.
2135 2433 2236 2477 Non

185 2517 339 2553 tamen
382 2513 438 2553 ita
479 2511 803 2566 peruulgatam
843 2517 886 2553 et
923 2513 1220 2554 notissimam
1261 2512 1401 2554 fuisse
1441 2512 1571 2553 illam
1603 2513 1882 2566 opinionem
1920 2512 2021 2554 siue
2063 2510 2236 2554 Iuliani

184 2588 405 2644 praedicti
434 2589 533 2630 siue
561 2588 782 2629 Iohannis
809 2590 953 2630 nostri
980 2594 1125 2631 aetate
1149 2593 1346 2641 constat,
1381 2602 1489 2630 cum
1522 2592 1565 2630 et
1589 2588 1844 2630 Rodericus
1867 2592 1911 2630 et
1932 2586 2080 2630 Lucas
2108 2587 2164 2630 de
2186 2600 2237 2630 ea

184 2666 367 2707 sileant.
406 2665 657 2707 ltodericus
687 2666 816 2707 enim
850 2670 1030 2707 tantum
1063 2667 1202 2708 dicit:
1243 2666 1538 2708 «Romulum
1571 2666 1649 2720 qui
1687 2666 1882 2707 Romam
1918 2663 2190 2708 condidit...
2212 2679 2232 2706 1>

183 2744 266 2789 (De
302 2743 452 2784 Rebus
484 2742 729 2797 hispaniae
762 2743 843 2783 lib.
883 2743 897 2783 1
931 2756 969 2784 c.
1008 2744 1066 2798 3).
1105 2743 1250 2785 Lucas
1282 2748 1464 2785 autem:
1510 2758 1529 2782 «
1553 2742 1697 2785 Roma
1727 2757 1749 2783 a
1785 2742 1983 2784 Romulo
2013 2745 2058 2784 et
2093 2741 2238 2784 Remo

184 2821 405 2862 conditur
450 2821 497 2860 in
541 2824 699 2861 monte
746 2820 1055 2861 Palatino...»
1102 2821 1168 2866 (in
1213 2821 1324 2862 edit.
1365 2820 1600 2862 Francisci
1652 2819 1830 2872 Schott‚
1878 2823 1909 2862 t.
1949 2818 2025 2872 IV,
2075 2832 2122 2874 p.
2166 2819 2238 2871 16,

188 2911 326 2939 uersu
357 2905 445 2942 22).

274 2974 396 3015 Inter
422 2986 471 3015 ea
496 2986 613 3028 quae
637 2987 660 3013 a
686 2975 844 3027 regina
869 2974 1016 3015 Juana
1049 2973 1103 3015 de
1139 2974 1321 3015 Austria
1351 2973 1446 3014 tilia
1474 2973 1768 3028 imperatoris
1792 2971 1948 3014 Caroli
1973 2969 2019 3013 Ψ
2052 2972 2102 3012 in
2122 2970 2238 3016 urbe

187 3050 448 3092 Valladolid
482 3063 608 3092 anno
638 3050 795 3091 MDLV
821 3065 841 3092 <t
866 3050 1024 3092 Cortes
1045 3068 1063 3090 »
1101 3052 1351 3105 petierunt,
1390 3066 1409 3089 «
1433 3050 1735 3105 proposicion
1758 3065 1777 3089 ›>
1815 3053 1883 3091 est
1912 3062 2054 3104 quam
2086 3048 2238 3092 Bene-

184 3128 336 3168 dictus
380 3127 508 3168 Cano
552 3128 598 3167 in
653 3140 737 3169 suo
781 3128 978 3182 prologo
1024 3129 1317 3182 transcripsit
1355 3127 1640 3183 («.Coroniea
1684 3126 1873 3179 general
1905 3125 1962 3167 de
1994 3125 2235 3180 Espafia»‚

187 3202 364 3244 madrid
395 3202 674 3254 MDCCXCI,
703 3217 748 3258 p.
786 3204 830 3257 ὃ)
861 3207 904 3245 et
934 3203 1156 3246 Nicolaus
1186 3204 1392 3245 Antonio
1423 3204 1516 3244 iam
1546 3207 1743 3245 nouerat
1771 3201 1912 3252 (Bibl.
1945 3203 2070 3258 hisp.
2101 3215 2235 3256 nou.‚

187 3280 272 3322 sub
303 3293 349 3321 u.
387 3280 666 3334 Florianus).
704 3279 754 3321 ln
790 3293 839 3322 ea
873 3280 1046 3323 dicitur
1078 3280 1350 3322 Florianum
1374 3279 1430 3322 de
1457 3279 1666 3334 Ocampo
1700 3278 1936 3322 XXVIII²¹¹¹¹
1960 3291 2142 3320 annum
2164 3291 2237 3321 res

271 3456 298 3476 ι.
325 3445 407 3475 Vide
425 3445 446 3474 1.
465 3444 520 3476 IV.
535 3454 562 3475 e.
583 3445 640 3474 U(
662 3446 712 3483 (in
730 3446 783 3475 ed.
803 3445 977 3475 Benedicti
996 3445 1089 3475 Cano
1105 3454 1132 3475 c.
1152 3445 1353 3483 xxm)«1a
1369 3444 1496 3474 ciudad
1511 3444 1553 3474 de
1570 3442 1736 3482 Sagunto,
1755 3443 1786 3473 la
1807 3444 1842 3482 ql
1856 3445 1945 3473 estes
1959 3442 2135 3482 cronistas,
2152 3450 2237 3482 muy

182 3494 274 3522 cotra
300 3501 414 3528 razon,
438 3492 542 3521 llama
570 3493 711 3528 Signat-rga
741 3494 860 3522 sienrlo
884 3493 990 3529 ciet-to
1013 3492 1200 3522 Muruedre
1220 3504 1236 3521 ›·›
1260 3493 1310 3530 (in
1336 3493 1388 3522 ed.
1410 3492 1580 3522 Benedicti
1609 3492 1718 3521 Cano:
1747 3501 1763 3519 «
1784 3490 1967 3521 Monvedre
1992 3499 2014 3520 ο
2045 3498 2129 3529 muy
2143 3497 2239 3520 cerea

182 3540 290 3578 della)
301 3551 329 3567 ι».
351 3539 434 3569 Vide
449 3541 552 3569 etiam
573 3540 594 3568 l.
615 3540 656 3568 ΙΙΙ
675 3548 702 3568 c.
725 3540 827 3569 XXIV
846 3542 879 3570 et
899 3540 997 3570 XXV.
1029 3540 1081 3569 Illi
1100 3550 1116 3568 «
1130 3540 1344 3570 coronistas„
1361 3540 1404 3569 de
1420 3539 1550 3578 quibus
1572 3539 1644 3577 agit
1661 3546 1766 3577 supra
1782 3538 1807 3567 ii
1832 3538 1916 3568 sunt
1936 3537 1999 3576 qui
2022 3536 2192 3575 Alphonsi
2208 3533 2237 3567 Χ

184 3589 218 3616 et
235 3587 404 3624 Alphonsi
423 3587 464 3616 XI
482 3587 577 3616 iussu
596 3585 763 3616 Chronica
782 3587 1006 3624 scripserunt.

268 3644 296 3663 2.
322 3635 346 3664 s.
364 3634 402 3663 66
418 3641 541 3663 auerso
559 3633 686 3663 codicis
703 3634 846 3671 parisini
862 3636 894 3663 et
911 3635 945 3663 in
965 3634 1065 3663 Libro
1081 3634 1122 3663 de
1139 3634 1252 3664 Praec.
1269 3634 1339 3662 eiu.
1360 3641 1474 3669 num..
1494 3633 1518 3667 1,
1538 3633 1567 3663 3.

269 3681 298 3711 3.
325 3681 408 3711 Vide
424 3681 509 3719 quid
526 3680 616 3711 deca
636 3690 670 3710 re
688 3682 786 3719 putet
803 3681 953 3711 Mariana
971 3681 1005 3711 in
1025 3692 1041 3706 u
1056 3679 1207 3711 Historia
1223 3681 1265 3711 de
1282 3681 1411 3718 Espai'ia
1424 3692 1454 3716 »‚
1471 3679 1494 3715 l,
1515 3691 1542 3710 2.
