2405 4009
856 228 1101 255 APOGRAPHA
1131 228 1405 254 RAMIREZIANA
2110 220 2155 266 '19

101 322 280 373 patrem
319 331 458 360 suum
496 317 629 359 duxit
667 317 880 359 Toletum
919 320 962 358 et
1003 316 1179 357 ibidem
1224 316 1272 356 in
1313 314 1612 369 patriarchali
1658 315 1851 356 ecelesia
1897 315 2156 356 honorifice

102 395 314 449 sepelivit
336 399 377 436 et
401 396 554 449 coepit
576 407 771 448 regnare
803 406 878 435 era
907 407 1014 448 1¹97
1037 408 1077 443 »,
1104 391 1229 446 quod
1257 404 1279 432 e
1311 391 1536 432 Roderieo
1568 391 1790 431 Toletano
1815 395 2056 444 sumptum
2090 395 2159 432 est

100 471 199 525 (lib.
228 471 324 523 VII,
357 486 396 513 0.
425 472 482 512 IV
512 475 555 512 et
584 470 701 527 XII).
739 470 946 524 Septimo
979 469 1182 522 denique
1217 468 1360 508 «Vita
1386 466 1679 521 Aldeplionsi
1711 466 1767 506 IX
1799 480 1879 520 per
1911 467 2156 519 :legidium

101 548 370 589 Minoritam
407 547 639 589 elucidata
666 560 712 597 »3
754 545 951 599 incipit:
1004 559 1023 583 ((
1051 543 1382 597 Aldephonsus
1421 542 1612 593 nobilis,
1654 543 1735 596 qui
1774 556 2054 595 congressus
2092 547 2160 584 est

101 624 334 678 proelium
373 624 603 666 Ubetense
647 623 773 663 filius
813 621 899 662 fuit
944 619 1266 662 desiderabilis
1315 619 1504 670 Sanetii,
1552 619 1632 672 qui
1682 631 1881 672 regnum
1934 618 2157 659 Castellae

101 705 278 742 rexerat
324 699 696 742 desiderabiliter
749 696 1079 739 tantummodo
1134 710 1230 737 uno
1282 709 1408 736 anno
1456 699 1498 736 ct
1557 697 1722 740 diebus
1781 700 2086 741 duodecim...
2110 713 2154 749 »3

101 777 325 831 explicit:
373 777 465 817 «Et
502 776 621 817 sicut
658 776 706 816 in
738 775 830 816 vita
868 787 1069 828 regnum
1104 772 1358 813 virtutibus
1400 772 1693 827 adimplevit,
1739 776 1803 816 sic
1852 780 1895 817 et
1928 776 1972 816 in
2011 779 2159 816 morte

101 857 246 895 totam
280 853 553 908 Hispaniam
585 851 792 893 lacrimis
831 850 1104 892 madefecit:
1149 848 1359 903 sepultus
1392 852 1459 890 est
1497 850 1545 890 in
1584 850 1822 904 praedicto
1855 850 2155 899 monasterio,

99 930 181 971 ubi
218 930 412 971 laudum
451 930 549 971 eius
588 928 838 984 praeconia
871 941 956 969 nec
991 926 1187 978 invidia,
1236 939 1320 967 nec
1359 925 1536 968 oblivio
1580 927 1750 981 poterit
1786 927 2032 978 abolere»,
2078 927 2159 980 qui

100 1007 207 1048 finis
245 1020 270 1049 a
302 1007 530 1048 Roderico
563 1006 612 1061 (1.
646 1006 766 1058 VIII,
806 1019 906 1058 cap.
949 1004 1046 1059 XV)
1088 1004 1258 1058 petitus
1291 1008 1372 1046 est.
1410 1004 1523 1045 Nota
1567 1003 1925 1057 Aldephonsum
1966 1003 2160 1056 impera-

101 1087 249 1126 torem
274 1084 351 1125 hic
375 1088 614 1135 octauum,
641 1087 685 1125 et
718 1081 1077 1136 Aldephonsum
1108 1080 1316 1122 nobilem
1348 1093 1530 1122 nonum
1562 1080 1843 1134 computari,
1879 1080 1959 1134 qui
1990 1080 2037 1119 in
2068 1093 2155 1120 ms.

100 1161 175 1202 Md
199 1175 352 1202 nonus
376 1165 419 1202 et
440 1161 767 1211 duodecimus,
795 1159 934 1200 hodie
958 1162 1113 1199 autem
1139 1158 1367 1211 septimus
1392 1161 1435 1198 et
1458 1160 1652 1199 octauus
1676 1161 2002 1198 numerantur.

188 1235 318 1289 stupf.
347 1262 399 1268 —
446 1237 498 1278 In
540 1237 830 1278 Bibliotheca
874 1236 1000 1289 regia
1047 1234 1304 1276 Matritensi
1348 1234 1477 1275 aliud
1519 1238 1784 1275 asseruatur
1834 1233 2156 1287 apographon,

100 1315 284 1369 paginis
308 1315 520 1356 numeris
544 1314 671 1355 haud
697 1313 909 1367 signatis,
936 1315 1151 1353 notatum
1178 1311 1297 1352 2-J>5
1322 1315 1366 1352 et
1389 1310 1566 1352 VII-J-5
1590 1324 1699 1352 cum
1728 1311 1817 1351 hoc
1842 1310 1997 1352 indice
2019 1324 2026 1350 ε
2066 1310 2160 1352 «de

100 1391 143 1433 la
186 1392 426 1433 Bibliothca
463 1392 538 1433 del
579 1391 725 1432 Maior
767 1391 823 1432 de
863 1390 1050 1431 (juenca
1072 1404 1113 1440 11,
1146 1392 1190 1429 et
1224 1388 1314 1429 hoc
1353 1388 1520 1429 titulo:
1572 1388 1892 1442 «Fragmenta
1921 1378 2160 1441 *quaedam

100 1473 301 1510 extracta
333 1482 387 1511 ex
420 1469 642 1523 operibus
676 1468 724 1510 F.
756 1467 946 1509 Ioannis
980 1466 1161 1519 Aegidii
1193 1465 1493 1507 Camorensis
1523 1464 1704 1506 ordinis
1737 1464 1990 1505 Minorum.
2028 1466 2160 1505 Iussu

99 1545 293 1587 Domini
317 1545 420 1587 Don
446 1545 685 1588 Laurentii
710 1545 919 1586 Ramires
943 1543 998 1584 de
1018 1534 1166 1584 Prado
1196 1543 1367 1597 equitis
1389 1542 1569 1583 ordinis
1595 1542 1638 1583 S.
1661 1540 1818 1583 Iacobi
1844 1541 2064 1596 Philippo
2083 1541 2156 1582 lv.

100 1622 231 1677 Hisp.
274 1623 385 1677 Regi
419 1622 663 1664 Catholico
702 1621 726 1663 a
765 1621 977 1663 consiliis
1010 1621 1059 1661 in
1091 1620 1320 1674 Supremo
1350 1623 1393 1661 et
1423 1619 1566 1672 Regio
1598 1618 1839 1670 Castellae,
1871 1631 1957 1660 nec
1984 1631 2081 1659 non
2110 1618 2159 1658 in

101 1701 292 1743 Sanctae
327 1700 564 1742 Cruziatae
594 1699 785 1741 adsessu
818 1685 1046 1740 senatoris
1082 1698 1208 1752 apud
1243 1696 1538 1739 Ludovicum
1577 1696 1681 1737 XIII
1713 1695 1971 1737 Galliarum
2002 1708 2159 1748 regem

98 1778 551 1820 christianissimum
595 1777 809 1830 exlegati.
856 1777 995 1817 Anno
1039 1775 1206 1817 1652...
1258 1773 1636 1815 Ex‘domesticis
1682 1773 1774 1814 tuis
1818 1772 2160 1814 Bachalaureus

99 1855 328 1896 Mattheus
358 1854 414 1896 de
448 1855 608 1908 Murga
638 1851 681 1895 &
708 1853 925 1904 Quevedo
944 1866 983 1893 1).

188 1932 230 1973 Is
269 1931 544 1973 Laurentius
580 1931 786 1972 Ramirez
819 1930 874 1971 de
911 1929 1076 1981 Prado,
1107 1942 1247 1984 quem
1281 1928 1529 1983 Philippus
1554 1927 1648 1968 IV¹²s
1671 1928 1727 1969 ad
1765 1940 1924 1980 regem
1960 1925 2161 1967 Ludoui—

99 2023 208 2051 cum
231 2008 382 2050 ΧΙΙΓΗΠ
413 2009 620 2063 legatum
644 2008 837 2049 miserat
859 2011 902 2048 et
924 2007 1135 2048 Olivares
1160 2006 1410 2060 praecipue
1434 2005 1613 2055 dilexit,
1650 2018 1746 2046 non
1777 2004 1896 2045 alius
1921 2008 1990 2045 est
2017 2017 2158 2058 quam

99 2086 178 2128 illc
225 2086 357 2128 cuius
394 2099 536 2140 opera
575 2085 784 2126 Iulianus
819 2084 953 2126 Perez
993 2084 1181 2125 Parisiis
1215 2096 1341 2124 anno
1382 2081 1713 2134 MDCXXVIII,
1760 2086 1803 2123 et
1846 2081 2159 2136 Luitprandus

99 2163 381 2218 Antuerpiae
399 2175 525 2204 anno
548 2162 750 2204 MDCXL
773 2162 924 2203 editus
947 2166 1054 2203 est1.
1899 2146 1901 2149 .

187 2241 343 2282 Codex
366 2240 444 2282 ille
468 2240 633 2282 litteris
666 2240 727 2281 ita
752 2239 1028 2294 compositis
1060 2241 1102 2280 et
1124 2238 1400 2293 aequalibus
1423 2241 1653 2289 exaratus,
1688 2240 1740 2278 ut
1777 2239 1872 2278 arte
1908 2251 1925 2273 «
1949 2239 2160 2290 typogra-

99 2318 239 2373 phica
260 2334 277 2357 »
300 2330 397 2359 non
417 2331 561 2359 manu
580 2317 758 2358 scribae
775 2316 1015 2358 confectus
1033 2316 1265 2367 uideatur,
1287 2319 1502 2370 excerpta
1522 2315 1617 2355 XIX
1640 2313 1844 2368 capitula
1866 2327 1920 2355 ex
1939 2313 2160 2368 operibus

99 2395 327 2437 Iohannis
359 2395 585 2446 continet,
617 2397 777 2436 notato
802 2398 930 2435 tomo
960 2407 983 2435 e
1013 2406 1106 2447 quo
1142 2397 1402 2434 extractum
1431 2391 1808 2446 unumquodque
1844 2394 1926 2442 est,
1959 2389 2160 2444 exempli

99 2473 273 2526 gratia:
305 2488 322 2511 α
347 2471 485 2513 frater
515 2471 715 2513 Ioannes
749 2471 972 2524 Aegidius
998 2470 1297 2511 Cainorensis
1321 2470 1370 2510 in
1389 2470 1544 2511 Tertio
1563 2469 1709 2510 Tomo
1735 2481 1931 2509 suorum
1961 2479 2159 2521 operum

98 2549 231 2591 litera
255 2549 292 2590 G
326 2549 368 2590 S.
397 2549 581 2591 Genesii
604 2549 885 2603 martyrium
904 2548 1175 2589 describens
1200 2548 1261 2588 ita
1290 2547 1376 2589 ait:
1405 2546 1659 2589 Genesium
1679 2545 1919 2600 duplicem
1938 2544 2156 2598 legimus,

100 2640 304 2682 quorum
328 2627 444 2668 alter
467 2627 749 2668 Arelatensis
767 2626 971 2667 extitit...
1001 2642 1018 2663 »

188 2703 251 2745 Ne
285 2703 485 2758 longum
524 2704 582 2744 sit
621 2703 783 2745 omnia
821 2702 1140 2756 capitulorum
1181 2702 1317 2743 initia
1354 2700 1433 2742 hic
1471 2699 1800 2751 transcribere,
1842 2698 1899 2740 ad
1938 2711 2161 2753 compen-

99 2781 233 2822 dium
276 2781 339 2822 ita
380 2780 698 2833 conserentur,
745 2784 795 2821 ut
835 2780 980 2821 uerba
1023 2779 1196 2834 quibus
1235 2778 1472 2820 indicatur
1511 2778 1638 2820 unde
1681 2780 1883 2819 extracta
1926 2777 2020 2818 sint
2063 2775 2160 2817 sola

101 2862 347 2900 seruentur
371 2871 380 2898 ε

163 2951 182 2973 «
213 2935 267 2976 In
310 2936 446 2977 tertio
489 2948 684 2977 suorum
726 2948 925 2989 operum
968 2934 1103 2976 litera
1141 2934 1177 2976 G
1215 2934 1258 2976 S.
1301 2934 1488 2976 Genesii
1520 2933 1856 2987 martyrium...
1883 2947 2003 2969 »—«
2106 2929 2157 2970 In

100 3013 302 3068 septimo
343 3026 538 3053 suorum
581 3025 779 3067 operum
823 3012 955 3054 litera
996 3011 1028 3053 C
1068 3012 1350 3066 'martyrium
1390 3011 1432 3052 S.
1475 3009 1733 3051 Columbae
1772 3009 2026 3062 virginis...
2053 3025 2070 3045 n
2102 3031 2158 3036 —

103 3106 122 3128 «
222 3089 369 3130 Tomo
411 3090 611 3144 septimo
655 3102 851 3131 suorum
894 3102 1092 3143 operum
1131 3089 1186 3130 de
1226 3088 1396 3130 Sancto
1433 3088 1735 3129 Damaso...»
1770 3111 1827 3116 —
1866 3100 1883 3125 <‹
1985 3085 2158 3136 Quinto

99 3170 230 3208 tomo
283 3179 478 3207 suorum
531 3179 746 3221 operum,
798 3166 918 3207 libro
961 3165 1020 3206 XI
1078 3166 1338 3207 illustrium
1391 3177 1701 3220 personarum
1751 3164 1881 3204 litera
1927 3162 1957 3203 L
2011 3161 2155 3202 saneti

100 3243 337 3285 Laurentii
359 3243 576 3297 martyris
600 3243 868 3298 passionem
902 3246 945 3284 et
973 3243 1257 3285 miracula...
1282 3258 1300 3282 ))
1335 3242 1396 3283 Ex
1428 3242 1595 3283 eodem
1622 3245 1768 3295 tomo,
1796 3240 1917 3281 libro
1941 3243 1983 3280 et
2006 3238 2156 3279 littera

100 3324 303 3362 extracta
335 3333 434 3361 esse
470 3319 693 3361 dicuntur
729 3320 934 3375 capitula
971 3319 1027 3361 de
1067 3320 1235 3362 Sancta
1274 3319 1515 3369 Leocadia,
1553 3317 1843 3370 Leouigildo,
1886 3320 1929 3357 et
1966 3315 2156 3367 Origine

100 3397 425 3440 laetaniarum.
447 3421 503 3426 —
531 3412 548 3436 «
651 3396 749 3438 Lib.
777 3397 857 3437 XII
881 3396 1139 3438 illustrium
1171 3409 1480 3450 personarum
1510 3399 1638 3436 tomo
1664 3394 1699 3435 V
1732 3406 1926 3435 suorum
1958 3404 2153 3445 operum

198 3559 222 3581 1.
247 3549 332 3579 Vide
348 3549 465 3587 Godoy
484 3548 680 3584 Alcantara,
699 3549 879 3579 «Historia
895 3548 1011 3579 critIca
1027 3549 1068 3578 de
1086 3549 1136 3578 los
1153 3549 1256 3578 salsos
1281 3548 1481 3577 croniconos
1494 3557 1507 3575 1)
1532 3546 1693 3584 (Madrid,
1727 3546 1830 3583 1858).
1850 3555 1881 3583 p.
1907 3556 1976 3581 2¹5³·
2003 3543 2059 3572 230
2085 3542 2154 3576 232,

103 3596 178 3630 282:
196 3599 229 3627 et
242 3597 424 3634 praecipue
436 3597 547 3626 «vida
559 3597 600 3626 de
615 3597 653 3626 D.
666 3597 798 3626 Nicolas
810 3597 961 3626 Antonio
976 3597 1097 3626 escrita
1111 3604 1174 3633 por
1188 3596 1227 3626 D.
1245 3596 1411 3630 Gregorio
1426 3594 1564 3632 Mayans
1582 3595 1589 3621 i
1608 3594 1743 3623 Siscar»
1760 3599 1772 3627 ς
1790 3592 1827 3621 58
1840 3594 1871 3622 et
1885 3591 2154 3631 51⁸».ineditione,

102 3653 208 3683 quam
225 3645 363 3674 eurauIt
380 3645 472 3673 idem
489 3644 689 3680 Gregorius,
707 3645 820 3682 operis
838 3644 963 3674 Nicolai
983 3654 999 3671 «
1018 3643 1168 3673 Censura
1186 3643 1228 3672 de
1246 3643 1293 3672 las
1310 3643 1471 3671 historias
1489 3642 1662 3671 fabulosas
1679 3650 1705 3669 ».
