2405 4009
576 247 629 277 DE
658 247 764 277 VRBE
794 247 985 277 SIGVENZA
1014 247 1189 277 RELATIO
1218 247 1270 276 ΑΒ
1298 247 1463 276 OCAMPO
1493 248 1617 276 ETIAM
1649 248 1856 277 ALLEGATA
2189 241 2238 293 69

188 340 387 395 algunos
419 344 546 382 otros
580 339 918 381 historiadorcs
948 339 991 380 d’
1021 339 1064 380 la
1096 339 1349 389 fundacion
1383 352 1410 392 y
1439 339 1674 392 principio
1712 339 1836 380 desta
1867 352 2042 380 mesina
2072 342 2240 391 ciudad

190 417 246 459 de
270 417 515 470 Sigiienca.
545 432 564 455 ›>
592 416 645 457 In
672 416 875 471 quadam
899 417 1028 457 enim
1052 415 1279 456 relatione
1302 415 1358 455 ad
1381 416 1657 468 episcopum
1690 416 1912 468 chouiae
1947 416 2132 458 Petrum
2152 418 2239 458 sibi

189 494 536 535 amicissimum
557 493 762 535 scrihere
788 494 852 534 ait
872 491 1135 534 Iohannem
1158 491 1343 545 Aegidii
1366 504 1389 530 a
1414 490 1629 544 pluribus
1651 491 1924 544 Saguntinis
1948 495 2024 547 qui
2052 495 2239 535 ruinam

188 571 354 626 oppidi
381 572 452 612 sui
477 571 766 624 effugissent,
798 569 1023 622 Sigiicnza
1047 568 1279 623 oppidum
1303 580 1401 608 esse
1425 567 1670 608 conditum
1691 568 1817 615 (uide
1841 569 2147 622 appendicem
2172 572 2237 624 B).

278 648 331 689 In
369 647 508 689 Libro
552 650 708 688 autem
746 646 802 687 de
847 646 1095 687 Praeconis
1142 644 1393 698 Hispaniae
1436 644 1575 698 (solio
1613 644 1665 698 67
1712 644 1887 685 codicis
1928 646 1983 698 P)
2022 646 2193 700 legitur
2229 662 2235 687 z

194 742 212 764 «
241 725 502 779 Saguntum
524 736 637 765 uero
662 724 762 777 ipsa
786 726 854 764 est
887 723 1062 763 metina
1097 721 1236 763 celim
1268 720 1314 761 id
1345 725 1412 762 est
1439 721 1607 761 ciuitas
1641 733 1799 762 secura
1836 722 1959 762 iuxta
1992 728 2241 776 saguntum

189 805 240 843 ut
260 801 375 843 dicit
397 800 651 855 hysidorus
681 800 730 840 in
760 799 926 840 eodem
948 810 976 839 1.
1011 799 1076 840 De
1106 799 1192 839 hac
1223 799 1414 839 ciuitate
1445 797 1657 852 loquitur
1687 798 1983 850 augustinus,
2017 799 2093 839 111ο
2123 800 2243 841 libro

189 878 246 920 de
274 878 464 920 ciuitate
492 877 583 920 dei.
621 876 738 917 XVI⁰
765 876 971 930 capitulo
1004 876 1067 917 ita
1100 876 1279 916 dicens.
1313 875 1562 928 Saguntini
1598 887 1705 915 cum
1745 879 1898 916 essent
1938 889 2243 918 romanorum

190 953 349 996 fideles
401 954 543 996 amici
585 954 773 995 Anibali
824 952 1061 995 obsidenti
1095 953 1274 994 fortiter
1304 952 1577 993 restiterunt
1615 952 1651 992 si
1692 952 1808 993 sorte
1846 954 2026 993 romani
2070 953 2246 995 eisdem

189 1031 382 1072 interim
401 1030 725 1072 subuenirent.
753 1029 841 1071 Sed
865 1029 1033 1070 Anibal
1057 1042 1134 1070 eos
1160 1028 1341 1070 tamdiu
1365 1028 1770 1081 opugnationibus
1790 1028 2026 1071 lacessiuit
2049 1035 2098 1071 ut
2116 1044 2249 1085 coge-

191 1111 354 1149 rentur
381 1107 510 1148 cibos
542 1108 712 1148 uetitos
737 1111 1012 1161 attemptare
1043 1105 1168 1147 vnde
1201 1106 1443 1159 saguntini
1471 1118 1529 1146 ne
1556 1106 1731 1159 captiui
1763 1106 1811 1146 in
1839 1120 2004 1147 manus
2038 1107 2245 1149 hostium

191 1184 495 1238 peruenirent
515 1184 758 1237 ingentem
781 1196 950 1237 rogum
974 1182 1163 1237 publice
1194 1184 1573 1223 construxerunt.
1610 1181 1662 1222 In
1695 1195 1835 1236 quem
1864 1182 2105 1225 ardentem
2129 1184 2248 1226 ferro

190 1262 332 1304 etiam
354 1261 610 1302 trucidatos
633 1273 797 1302 omnes
817 1273 914 1302 sese
939 1273 1141 1314 suosque
1166 1259 1414 1301 miserunt.
1446 1274 1463 1296 »

281 1338 323 1380 Is
347 1339 508 1380 Petrus
531 1339 782 1392 episcopus
804 1337 936 1378 urbis
961 1337 1206 1391 Sigiienza,
1233 1337 1307 1377 cui
1332 1336 1540 1390 Ocampo
1564 1336 1626 1377 ait
1650 1336 1781 1378 illam
1804 1337 2081 1379 relationem
2105 1340 2249 1393 scrip-

194 1416 308 1457 sisse
352 1415 629 1467 Iohannem,
669 1429 766 1457 non
795 1415 916 1456 alius
955 1428 1052 1456 esse
1085 1417 1236 1469 potest
1267 1427 1410 1468 quam
1440 1414 1601 1455 Petrus
1635 1413 1673 1454 II
1713 1415 1792 1468 qui
1823 1428 1845 1454 a
1876 1415 2071 1456 MCCLI⁰
2102 1430 2249 1471 usque

194 1491 252 1533 ad
284 1491 540 1533 MCCLXum
567 1506 746 1533 annum
779 1493 1029 1546 episcopus
1062 1491 1205 1532 huius
1238 1490 1370 1531 urbis
1412 1490 1514 1531 suit.
1549 1491 1664 1531 Nam
1705 1491 1865 1532 Petrus
1899 1491 1915 1532 I
1944 1493 2094 1535 multo
2128 1499 2249 1546 ante,

194 1568 356 1610 Petrus
393 1566 458 1610 III
487 1569 610 1610 circa
646 1583 827 1610 annum
859 1568 1184 1610 MCCCXXXV
1198 1572 1242 1589 ⁰¹¹¹
1269 1567 1423 1609 eidem
1449 1567 1672 1609 ecclesiae
1705 1569 1920 1623 praefuit.
1953 1569 2018 1611 De
2042 1570 2131 1612 hoc
2154 1586 2250 1613 non

193 1646 362 1699 agitur.
388 1644 582 1686 Librum
601 1650 757 1687 autem
785 1646 840 1687 de
860 1646 1127 1688 Praeconiis
1158 1645 1412 1699 Hispaniae
1445 1645 1568 1686 circa
1597 1658 1777 1686 annum
1807 1645 2152 1690 MCCLXXVIII
2176 1648 2251 1691 uel

194 1721 519 1764 MCCLXXXII
543 1721 777 1765 Iohannes
802 1724 1086 1778 composuit.
1114 1722 1213 1765 Iam
1236 1725 1383 1763 aetate
1406 1726 1658 1776 prouectus
1683 1726 1795 1764 tunc
1820 1737 1928 1765 sane
1947 1729 2058 1765 erat.
2086 1724 2251 1767 luueni

195 1800 323 1841 enim
366 1800 602 1842 monacho
636 1814 734 1843 non
771 1801 926 1843 fllium
968 1800 1247 1842 credidisset
1280 1800 1558 1855 Alphonsus
1594 1800 1810 1854 Sapiens;
1847 1805 1889 1842 et
1921 1802 1970 1842 in
2010 1802 2093 1843 illo
2132 1803 2252 1845 libro

195 1877 417 1932 pleraque
449 1890 588 1931 opera
621 1878 835 1920 eiusdem
868 1879 1005 1920 citata
1039 1878 1319 1932 scriptorem
1352 1877 1447 1918 iam
1481 1877 1716 1918 seniorem
1746 1876 2085 1920 demonstrant.
2120 1879 2252 1931 Quod

195 1958 351 1995 autem
380 1967 488 1995 eum
523 1969 542 1994 <t
564 1955 621 1996 ad
651 1959 829 1996 tantam
858 1956 1134 2009 peruenisse
1168 1957 1454 1996 senectutem
1482 1957 1589 1995 ut...
1623 1967 1709 1995 nec
1748 1953 1924 1996 litteras
1953 1962 2255 2010 cognosceret

167 2082 170 2087 ¹
195 2045 281 2073 nec
303 2032 441 2073 sciret
465 2045 510 2073 se
534 2045 633 2074 esse
656 2032 736 2086 qui
760 2032 906 2074 libros
929 2032 1036 2074 illos
1060 2031 1294 2074 ediderit»
1322 2031 1548 2085 referunt,
1569 2030 1831 2073 Iohannem
1858 2033 2252 2088 quinquagesimo

194 2122 320 2151 anno
364 2113 470 2163 post
505 2123 649 2164 quam
682 2110 947 2151 Archiuum
986 2114 1030 2151 et
1069 2109 1262 2150 Librum
1293 2108 1350 2150 de
1384 2109 1654 2150 Praeconiis
1690 2109 1941 2163 Hispaniae
1974 2111 2248 2165 scripsisset,

196 2186 412 2227 libellum
436 2185 492 2228 de
515 2200 608 2241 quo
630 2187 842 2242 loquitur
858 2186 1066 2241 Ocampo
1086 2186 1411 2240 composuisse
1435 2199 1533 2227 non
1552 2186 1816 2237 confirmat,
1838 2187 2003 2239 immo,
2029 2192 2080 2229 ut
2097 2188 2252 2240 credo,

197 2264 422 2304 infirmat.
465 2263 585 2318 Ergo
623 2268 729 2306 ante
768 2277 950 2306 annum
982 2263 1237 2305 MCCLXum
1256 2263 1395 2304 illum
1423 2276 1625 2318 paruum
1653 2267 1899 2305 tractatum
1923 2265 1980 2306 ad
2003 2265 2190 2306 Petrum
2214 2264 2254 2307 Il

198 2354 387 2383 necesse
409 2346 476 2383 est
499 2343 756 2396 scripserit,
783 2343 820 2383 si
846 2342 987 2384 modo
1011 2342 1214 2396 scripsit.
1243 2341 1490 2393 Quomodo
1514 2341 1658 2395 igitur
1682 2341 1728 2382 in
1755 2341 1895 2382 Libro
1917 2341 1972 2384 de
1992 2342 2256 2384 Praeconiis

199 2419 466 2473 Hispaniae,
513 2420 789 2474 praesertim
842 2420 891 2460 in
937 2418 1144 2473 capitulo
1189 2418 1386 2459 urbibus
1444 2431 1646 2472 quarum
1694 2421 1929 2459 mutatum
1969 2423 2037 2460 est
2079 2433 2253 2461 nomen

197 2496 428 2548 dedicato,
475 2496 701 2550 Sigiienza
742 2497 911 2538 urbem
953 2497 1105 2551 ipsam
1138 2496 1381 2551 quondam
1411 2495 1555 2536 fuisse
1595 2494 1856 2549 Saguntum
1899 2508 1995 2537 non
2040 2497 2257 2538 meminit

199 2574 461 2616 Iohannes?
493 2575 607 2616 Nam
638 2588 712 2616 me
741 2575 864 2629 fugit
892 2573 1008 2629 quid
1039 2574 1273 2628 significet
1296 2574 1411 2615 haec
1437 2574 1536 2614 eius
1562 2573 1790 2614 sententia
1818 2590 1836 2612 «
1860 2573 2119 2627 Saguntum
2143 2587 2255 2615 uero

199 2651 301 2706 ipsa
337 2655 406 2694 est
447 2651 630 2693 Medina
668 2652 823 2704 celim,
860 2651 908 2692 id
936 2655 1004 2693 est
1034 2652 1201 2692 ciuitas
1234 2664 1412 2702 secura,
1449 2651 1577 2692 iuxta
1610 2650 1927 2703 Saguntum»,
1967 2651 2058 2691 nisi
2089 2664 2254 2692 uocem

202 2728 465 2782 Saguntum
512 2729 720 2770 secundo
771 2732 1047 2783 usurpatam
1096 2742 1180 2783 pro
1231 2728 1461 2782 Sigiienza
1506 2727 1583 2768 uel
1634 2726 1777 2768 latine
1834 2727 2051 2780 Segontia
2100 2741 2255 2769 errore

199 2805 421 2847 librarius
453 2807 692 2860 scripserit
730 2807 780 2847 in
825 2805 986 2848 codice
1021 2805 1078 2847 de
1123 2819 1217 2860 quo
1259 2805 1468 2860 pendent
1505 2805 1663 2846 ceteri.
1702 2803 1836 2855 Quod
1883 2804 1995 2845 dum
2035 2809 2257 2846 annotare

200 2882 304 2924 uult
340 2883 438 2924 Fita
469 2882 696 2938 (Boletin,
731 2887 762 2925 t.
796 2883 849 2935 V,
891 2897 936 2938 p.
971 2882 1068 2938 139,
1110 2883 1238 2938 nota)
1270 2882 1533 2936 Saguntum
1568 2885 1612 2923 et
1646 2881 1873 2935 Siguenza
1904 2881 2029 2923 idem
2064 2896 2082 2920 «
2110 2881 2255 2935 segiin

201 2959 243 3001 61
260 2957 410 3001 Autor
431 2976 449 2999 n
469 2959 611 3001 fuisse
624 2961 845 3012 affirmat3
873 2959 994 3001 illud
1016 2963 1174 3001 autem
1195 2958 1333 3000 ualde
1358 2958 1650 3000 contrarium
1675 2961 1743 2999 est
1765 2959 1981 3012 opinioni
2007 2958 2251 3011 Iohannis,

202 3037 284 3091 qui
316 3050 530 3091 expresse
554 3037 669 3079 dicit
693 3037 957 3092 Saguntum
983 3037 1135 3092 ipsam
1159 3049 1257 3078 esse
1281 3034 1625 3086 Medinacelim.

292 3115 510 3156 Ceterum
538 3115 665 3169 quod
698 3115 946 3156 Florianus
981 3114 1095 3155 dicit
1136 3127 1198 3167 «y
1222 3113 1292 3154 los
1331 3113 1445 3154 tales
1484 3111 1769 3165 Saguntinos
1810 3112 1877 3152 asi
1911 3112 2173 3154 libradosi..
2210 3126 2255 3154 se

205 3192 435 3234 metieron
458 3205 545 3246 por
561 3191 607 3233 lo
631 3205 729 3233 mas
753 3191 920 3233 dentro
943 3191 999 3232 de
1024 3191 1205 3245 Espasia
1229 3189 1360 3231 hasta
1383 3188 1598 3243 llegaren
1618 3188 1659 3228 la
1678 3188 1815 3229 tierra
1834 3188 1890 3230 de
1914 3188 1982 3230 los
2005 3189 2256 3243 Espanoles

151 3309 155 3312 .
204 3271 491 3311 Arevacos...
516 3283 546 3323 y
569 3269 677 3324 aqui
704 3268 837 3311 todos
860 3267 976 3310 ellos
1000 3267 1236 3309 fundaron
1260 3266 1303 3307 la
1330 3265 1501 3308 ciudad
1525 3264 1580 3307 de
1605 3264 1889 3318 Siguenza...
1912 3281 1930 3305 »
1965 3267 2254 3307 contrarium

204 3360 392 3402 quoque
414 3347 634 3401 opinioni
665 3346 892 3388 Iohannis
924 3349 1007 3395 est,
1039 3345 1120 3398 qui
1154 3347 1198 3385 et
1231 3343 1518 3397 Saguntinos
1550 3355 1716 3384 omnes
1749 3343 1943 3397 periisse
1975 3343 2187 3397 affirmat,
2214 3347 2259 3385 et

207 3424 469 3477 Saguntum
506 3437 604 3465 non
640 3424 703 3465 ita
740 3423 880 3477 longe
913 3436 937 3462 a
975 3422 1205 3475 Siguenza
1232 3420 1446 3470 collocat,
1481 3420 1571 3460 fere
1601 3418 1852 3461 duodecim
1887 3419 2018 3460 milia
2061 3420 2254 3462 scilicet.

205 3500 369 3543 Nonne
393 3514 502 3555 ergo
526 3500 740 3542 dubitare
763 3500 873 3542 licet
895 3499 1012 3554 quin
1039 3498 1178 3539 fuerit
1202 3498 1414 3538 sincerus
1439 3495 1717 3537 Florianus?

298 3634 324 3654 1.
349 3623 451 3663 Quod
466 3625 509 3654 ah
525 3623 657 3654 Isidoro
674 3632 744 3653 non
760 3623 828 3653 dici
844 3622 962 3660 potuit
976 3622 1009 3651 et
1031 3622 1121 3651 recte
1143 3620 1292 3650 correxit
1313 3619 1398 3654 Fita,
1416 3619 1579 3657 ponendo
1596 3630 1610 3651 <t
1625 3622 1663 3648 ut
1679 3618 1762 3650 dicit
1780 3619 1931 3650 Isidorus
1955 3621 1990 3650 in
2013 3621 2132 3652 eodem
2152 3630 2167 3651 ι
2184 3626 2260 3662 post

207 3671 424 3711 superiorem
441 3672 651 3702 sententiam
667 3681 684 3699 «
701 3671 789 3701 hanc
805 3670 881 3700 affri
897 3668 998 3700 bellis
1014 3668 1211 3707 impetitam
1229 3668 1306 3705 post
1322 3666 1469 3697 modum
1486 3666 1697 3697 deleuerunt
1714 3677 1744 3696 ».
