2405 4009
954 212 1094 239 Timsls
1124 212 1280 238 xonosa
2091 195 2131 235 31

91 305 325 363 principio
346 304 403 346 ab
426 304 624 346 articulo
643 304 698 345 de
722 302 1016 344 numantinis
1037 300 1225 355 populis
1248 300 1402 341 differt
1423 299 1585 340 Thesis
1609 300 1788 340 nodosa
1812 303 2025 340 notatum
2057 302 2140 348 est,

91 385 156 426 ita
184 396 236 424 ea
267 381 439 436 quibus
473 381 677 422 maxime
712 393 737 420 a
759 379 896 420 Libro
926 378 982 419 de
1007 377 1273 419 praeconiis
1298 376 1501 417 ciuitatis
1526 376 1833 417 numantinae
1856 375 2091 416 discordat
2119 388 2143 415 a

90 468 109 507 5
131 460 155 500 5
178 458 323 513 partis
347 456 422 499 ΙΙ8εέ
443 469 592 511 usque
615 456 673 497 ad
696 459 901 497 extrema
925 454 1067 508 partis
1094 451 1185 495 VI‘²‘³
1209 465 1306 493 non
1330 465 1354 493 a
1377 452 1619 506 proposito
1644 456 1804 493 nostro
1828 452 2036 492 alienum
2060 452 2145 491 erit

92 534 367 577 summatim
390 546 637 588 exponere.
663 531 722 583 ΙΙ,
749 533 798 572 5:
835 530 994 572 omisit
1023 546 1040 567 α
1064 529 1315 571 forsitan...
1345 528 1506 569 haberi
1530 544 1547 567 1>
1574 542 1582 577 ;
1608 553 1665 559 —
1688 532 1792 582 post
1819 544 1837 566 «
1864 528 2096 581 Ponteyus
2124 544 2140 564 υ

91 610 221 652 addit
242 611 508 665 hispanice:
540 626 558 648 u
581 623 675 649 una
699 608 834 661 legua
858 606 913 647 de
937 607 1130 647 Zamora
1162 610 1258 647 esta
1288 609 1381 646 este
1407 605 1541 658 lugar
1564 604 1620 646 (le
1644 604 1698 645 30
1719 605 1909 645 vecinos
1932 618 1979 655 »3
2006 629 2063 633 —-
2087 604 2110 644 (3
2135 617 2141 642 :

90 687 252 728 omisit
278 703 295 725 «
321 686 431 740 quia
454 689 582 727 cetus
607 683 735 725 tubal
759 688 809 725 ut
833 683 1048 738 superius
1072 687 1139 724 est
1167 695 1457 737 expressum.
1495 682 1688 735 Propter
1721 694 1766 722 se
1799 694 2034 736 namque»
2057 694 2065 731 ;
2091 705 2148 710 -

94 751 178 818 pro
228 779 246 801 «
268 767 319 804 ut
365 763 530 804 dicunt
570 761 795 802 Ysidorus
838 765 882 802 et
926 759 1190 801 leronimus
1214 776 1231 796 n
1279 759 1421 799 habet
1466 775 1483 796 «
1512 762 1562 799 ut
1605 757 1829 799 Ysidorus
1876 757 1988 798 dicit
2010 770 2056 808 »3
2092 781 2148 786 —

93 840 234 881 habet
285 843 374 880 «ut
427 843 496 880 est
545 837 665 892 (non
722 854 739 876 «
765 837 979 892 superius
1002 837 1041 890 »)
1096 837 1143 877 in
1191 836 1228 876 H
1279 835 1412 877 litera
1466 835 1783 890 prelibatum»
1806 848 1814 886 3
1864 859 1912 865 —
1961 834 2038 885 III,
2095 847 2107 874 1
2138 847 2145 873 :

94 917 234 959 habet
279 932 297 954 «
322 916 549 957 Riuorum
573 932 610 968 »‚
646 915 809 957 omisit
844 918 935 955 «ut
965 918 1034 955 est
1077 914 1255 955 dictum
1273 927 1325 965 »;
1363 937 1413 943 -—
1447 927 1500 954 2:
1537 913 1698 954 omisit
1739 925 1878 953 «non
1914 911 2146 953 habens...

95 993 377 1044 maritalis»,
411 1017 467 1023 —
502 993 551 1039 [11
599 993 759 1034 omisit
804 991 1054 1045 «Vigila...
1090 992 1325 1041 eiectus»,
1366 991 1615 1045 «ipsam...
1654 988 2014 1030 conclusserunt
2045 992 2149 1039 et»,

99 1074 246 1125 «post
278 1070 449 1111 multas
482 1069 833 1123 direpciones...
871 1069 1089 1119 hostes»,
1140 1072 1223 1109 «et
1255 1071 1416 1110 ante...
1453 1068 1626 1122 quies»
1653 1080 1661 1118 3
1699 1091 1757 1096 —
1789 1066 1863 1118 IV,
1905 1080 1949 1107 1:
1995 1066 2155 1107 omisit

100 1152 184 1189 «et
220 1147 488 1189 Berizum...
531 1148 731 1200 legionis
754 1161 800 1199 »3
829 1170 881 1177 ·-
917 1147 966 1193 [⁸1
1003 1147 1163 1188 omisit
1208 1163 1225 1184 «
1249 1146 1602 1200 legionenses...
1643 1146 1843 1187 naturali
1870 1163 1905 1198 n,
1953 1162 1969 1183 «
1996 1149 2155 1199 portu-

97 1226 367 1280 galenses...
394 1225 559 1279 galleci
582 1239 628 1277 »3
660 1249 718 1256 -
747 1225 796 1265 5:
823 1225 985 1266 omisit
1017 1241 1034 1263 «
1055 1224 1322 1267 naturale...
1347 1225 1562 1278 uigorem
1586 1240 1604 1262 η
1626 1238 1633 1275 ;
1660 1248 1718 1254 —
1736 1223 1898 1265 omisit
1941 1239 1958 1262 «
1983 1220 2151 1264 Xl‘ff'u...

97 1303 406 1345 consobrinos
433 1318 453 1342 1)
481 1316 490 1355 ;
544 1327 601 1332 —
643 1302 668 1343 8
696 1315 703 1343 :
761 1302 922 1343 omisit
988 1317 1006 1341 c<
1034 1302 1119 1343 hec
1182 1305 1338 1343 autem
1391 1302 1535 1343 uerba
1588 1302 1871 1342 constitutus
1894 1316 1911 1340 ›)
1939 1314 1947 1351 3
1997 1324 2055 1329 —
2098 1313 2150 1354 9:

98 1380 258 1422 omisit
304 1379 673 1421 «incunctanter
693 1393 740 1431 »3
773 1402 827 1409 —
859 1379 935 1420 13:
983 1379 1143 1420 omisit
1184 1392 1311 1434 «que
1356 1378 1509 1420 sola...
1562 1378 1798 1432 palacium
1844 1377 2153 1428 infantisse»,

100 1482 154 1487 —
181 1455 256 1502 ils:
283 1457 444 1498 omisit
471 1472 488 1495 «
510 1455 783 1510 gundisalui
817 1455 1046 1497 fernando
1071 1456 1220 1507 arie»,
1261 1471 1280 1495 ((
1302 1455 1632 1498 ferrandum...
1669 1458 1994 1509 reputasset»,
2019 1479 2078 1484 —
2099 1453 2153 1507 V,

108 1548 120 1575 1
143 1548 151 1575 :
178 1534 339 1576 omisit
365 1550 381 1572 «
405 1538 449 1575 et
476 1534 614 1588 qui...
647 1533 793 1588 prolis
815 1547 855 1585 )),
892 1548 910 1572 «
934 1546 1075 1588 quem
1108 1533 1455 1574 uisceraliter...
1492 1533 1766 1574 morabatur
1786 1544 1824 1584 1),
1862 1545 1881 1570 «
1902 1535 1953 1573 ut
1984 1531 2157 1573 alicubi

99 1612 330 1666 legitur»,
361 1626 379 1650 ((
401 1611 482 1666 qui
506 1624 690 1652 nunc...
718 1611 898 1652 iniciati
922 1615 998 1651 et»
1019 1624 1028 1662 ;
1053 1635 1104 1641 —
1129 1624 1176 1651 2:
1204 1610 1365 1652 omisit
1390 1626 1408 1648 «
1431 1613 1475 1651 et
1494 1610 1811 1652 contrarior...
1835 1608 2157 1663 supradicta»,

105 1704 123 1727 «
144 1689 374 1743 uulgus...
402 1687 659 1729 almemoni
683 1702 729 1739 »3
755 1713 813 1717 —
837 1686 885 1728 3:
913 1688 1073 1729 omisit
1095 1701 1116 1728 «
1138 1692 1189 1728 ut
1209 1687 1399 1729 tradunt
1423 1687 1630 1741 hystorie
1653 1702 1691 1739 »,
1720 1689 1799 1728 «et
1821 1686 1968 1728 hoc...
1994 1690 2159 1727 mutuo

102 1765 377 1816 iurarunt»,
418 1779 438 1804 «
459 1768 502 1806 et
542 1763 765 1805 exinde...
807 1770 1204 1818 p1·ocesserunt»;
1238 1788 1297 1796 —
1324 1764 1373 1810 ἅτ
1417 1764 1577 1805 omisit
1616 1763 1844 1805 «dextera
1881 1764 1979 1805 eius
2016 1763 2162 1818 presi-

103 1841 291 1884 dium...
318 1842 560 1883 restituere
584 1840 807 1896 dissipata
829 1856 847 1880 »
870 1855 953 1892 3—
973 1841 1046 1891 VI,
1076 1855 1089 1881 1
1112 1855 1119 1881 :
1147 1841 1308 1882 omisit
1334 1857 1352 1879 «
1375 1841 1515 1882 distat
1537 1844 1692 1882 autem
1715 1854 1797 1895 per
1823 1841 1937 1882 duas
1959 1841 2160 1883 dietas...

103 1919 346 1961 sanitati».
390 1918 775 1960 Animaduertere
807 1918 942 1959 facile
974 1922 1043 1959 est
1079 1931 1132 1959 ea
1165 1918 1468 1972 potissimum
1507 1918 1556 1958 in
1595 1918 1733 1960 Thesi
1772 1918 1952 1960 nodosa
1986 1918 2162 1959 omissa

103 2009 218 2048 esse,
245 2009 363 2051 quae
395 1996 444 2036 in
474 1995 635 2037 codice
667 1995 935 2037 academico
968 1995 1016 2036 in
1051 1995 1265 2049 margine
1297 1999 1481 2036 tantum
1507 1995 1678 2049 scripta
1712 1998 1821 2036 sunt
1858 1999 1902 2036 et
1932 2009 1983 2037 ea
2016 1995 2160 2037 textui

104 2072 229 2115 Libri
253 2073 309 2114 de
332 2073 597 2114 Praeconiis
622 2072 873 2126 Hispaniae
898 2072 1071 2114 inserta
1096 2076 1220 2113 sunt.

194 2228 313 2282 Ergo
337 2227 588 2282 quinquies
612 2227 774 2268 eadem
795 2227 849 2268 de
869 2228 1062 2268 Zamora
1081 2227 1129 2267 in
1149 2227 1370 2281 operibus
1389 2227 1614 2269 Iohannis
1633 2225 1942 2280 Zam'orensis,
1964 2231 2165 2282 quatuor

104 2318 218 2347 uero
242 2305 407 2346 formis
433 2305 543 2346 satis
565 2305 688 2346 inter
712 2317 757 2346 se
781 2304 1104 2346 differentibus
1132 2305 1195 2346 ita
1217 2305 1530 2346 inueniuntur
1557 2309 1609 2347 ut
1630 2306 1717 2347 hae
1746 2310 1972 2360 tanquam
1996 2305 2164 2346 loculis

106 2381 251 2424 loculi
274 2395 410 2436 posse
433 2382 537 2423 aliis
556 2381 673 2423 aliae
692 2382 1010 2435 coagmentari
1034 2381 1301 2424 uideantur.
1329 2382 1443 2423 Nam
1466 2382 1625 2424 Thesis
1649 2383 1828 2424 nodosa
1851 2397 1958 2437 pars
1981 2381 2166 2424 articuli

106 2459 162 2501 de
186 2459 481 2500 numantinis
509 2459 698 2513 populis
721 2463 789 2500 est
819 2459 899 2514 qui
931 2472 1038 2513 pars
1072 2463 1141 2500 est
1173 2459 1298 2500 Libri
1326 2459 1381 2501 de
1414 2460 1680 2501 Praeconiis
1719 2461 1921 2501 ciuitatis
1955 2473 2163 2500 numan—

109 2536 248 2588 tinae,
280 2537 361 2591 qui
390 2550 497 2591 pars
536 2540 605 2578 est
643 2536 750 2577 libri
780 2536 836 2577 de
867 2536 1131 2577 Praeconiis
1172 2536 1450 2590 Hispaniae:
1488 2537 1579 2578 nisi
1610 2538 1767 2578 uerius
1806 2538 1988 2579 dicatur
2027 2536 2165 2577 Thesi

109 2614 314 2656 nodosae
338 2627 456 2669 quae
485 2614 686 2668 simplex
716 2613 814 2655 sola
843 2618 911 2656 est
939 2615 1067 2668 (cum
1092 2618 1270 2668 partem
1296 2613 1397 2666 llam,
1414 2614 1538 2669 III⁸¹¹¹,
1566 2614 1686 2667 ΠΜ,
1714 2615 1794 2655 Ῥω
1818 2619 1861 2656 et
1884 2614 1986 2655 YI³¹⁰
2011 2614 2117 2655 libri
2141 2627 2167 2655 a

111 2691 208 2733 Fita
229 2691 341 2732 editi
365 2691 752 2746 comprehendat,
774 2704 892 2746 quae
917 2694 1099 2732 tantum
1123 2691 1180 2732 ad
1202 2691 1451 2733 historiam
1475 2692 1695 2734 Zamorae
1718 2692 1989 2746 pertinent),
2012 2691 2167 2732 addita

109 2768 301 2823 quidem
333 2772 461 2823 parte
500 2768 597 2809 VIIa
629 2769 839 2810 eiusdem
882 2768 989 2809 libri
1022 2768 1275 2809 articulum
1319 2768 1375 2810 de
1412 2769 1708 2810 numantinis
1756 2768 1961 2823 populis,
2012 2768 2167 2809 addita

111 2849 267 2887 autem
293 2845 327 2886 Ι3
349 2850 478 2900 parte
507 2845 702 2887 Librum
735 2846 791 2887 de
824 2846 1093 2887 Praeconiis
1127 2846 1330 2887 ciuitatis
1368 2847 1677 2887 numantinae
1710 2847 2019 2887 constitutum
2051 2858 2163 2887 esse.

113 2922 198 2964 Cui
228 2922 437 2964 subiecto
468 2923 662 2978 quidem
694 2936 842 2977 paruo
873 2927 1070 2964 tractatu
1103 2923 1158 2964 de
1189 2923 1371 2964 iuribus
1406 2936 1691 2976 magnorum
1723 2927 1766 2965 et
1797 2923 2167 2976 obligationibus

111 2999 407 3041 uassalorum
437 3000 637 3042 eandem
670 3013 768 3041 rem
802 3014 853 3041 ac
887 3004 1016 3054 parte
1046 3005 1171 3042 sexta
1196 3000 1321 3041 Libri
1354 3000 1409 3041 de
1439 3000 1704 3041 Praeconiis
1735 3000 1938 3041 ciuitatis
1968 3013 2168 3041 numan*

112 3076 236 3118 tinae
280 3076 428 3118 fusius
451 3090 564 3118 uero
608 3077 886 3132 explicante,
942 3078 1220 3131 praepositis
1259 3082 1414 3119 autem
1459 3082 1635 3131 septem
1680 3078 1951 3118 tractatibus
1984 3081 2079 3118 tam
2111 3075 2167 3117 ad

114 3153 317 3195 ethicam
349 3166 492 3208 quam
524 3154 581 3194 ad
615 3154 861 3196 historiam
895 3155 1231 3208 spectantibus,
1275 3155 1468 3196 Librum
1501 3153 1556 3195 de
1597 3154 1860 3195 Praeconiis
1900 3154 2165 3208 Hispaniae,

115 3230 267 3285 qualis
305 3230 549 3272 inuenitur
584 3231 633 3270 in
671 3230 851 3285 aliquot
880 3232 1246 3286 .manuscriptis,
1292 3245 1314 3273 e
1361 3232 1521 3273 decem
1565 3231 1835 3272 tractatibus
1877 3235 2169 3272 constantem

117 3308 372 3349 formatum
390 3320 503 3349 esse.
525 3307 613 3348 Cui
631 3307 834 3362 denique
852 3307 1036 3349 duobus
1055 3308 1236 3350 ultimis
1255 3308 1425 3350 additis
1444 3308 1713 3350 tractatibus
1732 3308 1787 3350 de
1811 3309 1948 3349 rebus
1973 3308 2169 3349 minime

117 3384 175 3426 ad
218 3384 468 3439 Hispaniae
511 3384 761 3438 praeconia
804 3385 1181 3439 respicientibus,
1227 3385 1415 3427 tandem
1459 3399 1481 3426 e
1524 3385 1693 3427 cellula
1735 3385 1972 3436 monachi,
2028 3398 2168 3439 quem

118 3461 320 3516 elegerat
344 3461 511 3503 Sancio
534 3461 632 3503 filio
656 3465 1006 3516 praeceptorem
1031 3462 1365 3517 Aldephonsus
1390 3463 1598 3517 Sapiens,
1627 3463 1800 3504 librum
1824 3463 1988 3504 exiisse
2012 3462 2171 3502 multi-

121 3537 311 3593 plicem,
341 3551 602 3592 enormem,
638 3538 938 3580 inconditum
970 3542 1014 3579 et
1045 3539 1352 3592 indigestum,
1379 3539 1610 3592 elegantia
1634 3543 1677 3580 et
1699 3544 1811 3590 arte,
1839 3552 1933 3580 non
1958 3539 2170 3580 doctrina

120 3618 372 3671 carentem,
398 3628 541 3670 quem
564 3627 703 3656 nemo
725 3614 877 3669 legere
899 3615 1045 3669 possit
1068 3615 1168 3657 sine
1190 3614 1349 3657 labore
1372 3619 1416 3657 et
1438 3615 1606 3658 taedio.
