2405 4009
156 263 202 298 sta
684 273 781 305 Qun
812 271 858 297 tx
890 271 998 297 xum*
1030 269 1210 297 scalpris
1240 269 1368 296 {Annis
1398 268 1667 296 PERCffssTvn

246 362 452 403 Primum
483 360 722 416 quommlo
752 359 884 402 Liber
920 359 1176 401 illustrium
1208 370 1535 413 personarum,
1569 357 1703 400 Liber
1731 357 2016 400 famosarum
2046 371 2203 414 perso-

158 452 341 481 narum.
371 438 502 479 Liber
525 438 580 478 ile
601 437 719 478 x'iris
745 437 1022 481 illustribus.
1051 436 1250 477 llistoria
1273 435 1475 490 deniqne
1499 435 1726 476 canonica
1749 439 1793 477 et
1815 435 1970 476 ciuilis
1993 449 2141 477 unum
2161 438 2205 477 et

159 516 280 556 idem
306 529 424 569 opus
450 516 506 555 sit
530 514 847 569 expellianms.
883 514 941 554 Ne
970 515 1074 568 quis
1105 518 1258 553 antem
1285 512 1461 554 ‹lubitet
1495 516 1653 553 utrum
1685 511 1742 552 ab
1777 512 1881 566 ipso
1905 510 2115 554 Iohanne
2143 525 2203 554 an

161 592 218 633 ab
242 591 451 632 tirilosiez
476 592 548 631 uel
573 605 595 631 a
619 592 843 646 quopiam
875 591 1066 631 librario
1093 591 1151 631 ita
1177 589 1535 630 denominatum
1562 588 1620 630 sit
1642 601 1761 642 opus
1790 588 1923 629 cuius
1945 600 1968 629 a
1992 588 2034 629 6⁰
2055 600 2205 643 usque

161 674 289 723 ’.νιμ“““··
316 667 479 709 solium
511 682 700 709 uersum
727 669 771 708 in
806 667 876 708 Md
909 667 1130 718 leguntur
1158 670 1390 720 excerpta,
1418 670 1599 707 tantum
1642 665 1755 706 locis
1788 669 1976 706 utemur
2006 677 2125 719 quos
2151 677 2204 706 ex

163 744 368 785 lohannc·
395 745 496 798 ipso
521 749 671 799 pateat
693 758 897 785 manare.

246 824 395 872 Quare
429 836 520 863 non
557 823 744 863 titulum
782 822 934 875 ipsum
971 820 1112 861 huius
1146 820 1300 874 operis
1333 820 1413 874 qui
1447 819 1557 860 solio
1597 819 1639 858 δ’·
1677 818 1849 872 legitur
1881 817 2202 872 proferemus:

164 924 167 929 ·
207 898 267 940 lo.
309 899 485 950 aegidii
518 899 807 939 lamorcnsis
842 897 957 937 liber
991 897 1245 937 illustrium
1278 910 1585 950 personarum
1626 896 1706 950 qui
1736 900 1779 936 ct
1812 894 2039 936 Historiae
2068 907 2226 937 canos

162 977 291 1016 nicae
323 981 363 1016 et
398 976 604 1015 cix-ilisa.
644 975 728 1014 Sml
764 975 808 1014 in
843 977 1049 1014 extre-ina
1086 974 1234 1014 littera
1277 975 1305 1013 Α
1351 973 1549 1025 legitur:
1597 972 1838 1026 «Explicit
1876 972 2058 1025 primus
2090 970 2209 1014 liber

161 1051 361 1091 llistorie
385 1052 611 1092 canonico
632 1065 682 1090 ar
707 1049 876 1093 cixilis.
903 1062 992 1104 que
1023 1053 1215 1090 vocatur
1246 1049 1463 1100 Historia,
1492 1050 1587 1090 sive
1612 1048 1746 1089 Liber
1770 1047 2026 1089 illustrium
2052 1060 2208 1103 perso-

161 1141 325 1168 narum
355 1127 474 1168 edita
507 1143 527 1167 a
561 1128 694 1167 fratre
730 1126 903 1168 luanne
931 1126 1123 1178 tiggidio
1150 1125 1373 1179 llispano.
1402 1125 1456 1167 de
1480 1125 1646 1166 ordine
1676 1125 1870 1166 fratrum
1899 1125 2157 1166 minorum.
2182 1139 2202 1166 »

159 1203 289 1248 <Vide
331 1218 466 1257 supra
509 1219 550 1258 p.
603 1205 690 1250 533.)
734 1202 993 1244 Iohannem
1035 1203 1191 1257 ipsum
1227 1202 1356 1243 illam
1397 1201 1658 1244 clausulam
1692 1201 1915 1243 adiecisse
1955 1200 2121 1256 probat
2161 1200 2209 1243 id

161 1280 284 1334 quod
322 1285 533 1320 nostrum
570 1279 765 1320 uerbum
802 1283 1054 1333 usurpatur
1088 1278 1228 1333 paulo
1268 1279 1401 1320 infra.
1447 1277 1497 1318 ln
1537 1278 1747 1319 oratione
1783 1290 1873 1332 qua
1912 1275 2211 1319 concluditur

161 1357 284 1397 idem
315 1370 431 1410 opus
462 1357 588 1401 (uide
615 1371 657 1411 p.
687 1357 776 1402 siti».
803 1369 920 1410 quae
951 1369 1059 1396 sane
1089 1369 1112 1396 a
1143 1355 1369 1407 Iohanne,
1395 1359 1446 1396 ut
1471 1354 1672 1396 aduertit
1699 1353 1925 1405 ordei-lez,
1951 1353 2211 1409 composita

159 1439 240 1476 est.
257 1434 453 1474 dieitur:
487 1449 502 1471 (ι
520 1433 567 1473 ln
597 1434 715 1473 libro
740 1433 973 1487 siquidem
1004 1432 1258 1473 illustrium
1282 1443 1591 1486 personarum
1615 1432 1694 1486 qui
1714 1435 1782 1473 est
1801 1431 1917 1473 liber
1935 1430 1990 1473 de
2008 1430 2211 1473 Historia

161 1512 385 1551 canonica
412 1516 450 1551 et
476 1512 537 1550 cix
556 1510 658 1551 ili...
680 1526 696 1547 ν
722 1509 940 1549 Clausula
965 1509 1169 1563 (lenique
1195 1509 1372 1550 litterae
1400 1509 1428 1549 Ζ
1448 1513 1552 1563 post
1574 1507 1769 1550 eandem
1799 1508 2061 1550 orationem
2085 1506 2211 1550 idem

161 1588 445 1628 demonstrat
473 1602 478 1626 ε
512 1586 747 1641 «Explicit
778 1585 955 1626 xxlw‘
980 1585 1098 1627 liber
1123 1586 1322 1627 llistorie
1346 1586 1573 1627 canonice
1601 1589 1644 1626 et
1671 1584 1824 1626 civilis
1849 1584 2002 1626 editus
2025 1598 2050 1626 a
2073 1584 2212 1627 fratre

161 1665 345 1705 Juanne
384 1664 548 1713 ligidii.
581 1679 630 1704 ,ι
669 1663 795 1716 (uide
827 1676 870 1717 p.
906 1663 1004 1712 .'1('·);
1039 1674 1157 1717 quae
1191 1662 1401 1704 clausula
1433 1676 1456 1704 a
1492 1662 1701 1704 Iohanne
1734 1662 1995 1717 composita
2024 1673 2212 1717 quoque

161 1746 244 1782 est.
275 1755 380 1781 nam
405 1742 542 1781 etiam
569 1740 769 1793 legitur:
801 1759 817 1776 u
838 1741 883 1780 in
912 1740 1030 1781 libro
1058 1744 1219 1781 nostro
1244 1740 1586 1781 Sermonum...
1613 1756 1630 1777 »

251 1818 310 1858 lta
338 1817 526 1858 Librum
555 1816 810 1857 illustrium
837 1830 1145 1871 personarum
1169 1821 1213 1858 et
1242 1816 1433 1858 Librum
1457 1816 1511 1858 de
1541 1816 1741 1858 Historia
1765 1815 1994 1858 canonica
2016 1818 2060 1857 et
2081 1814 2213 1857 ciuili

160 1895 452 1948 inscripsisse
486 1893 744 1936 Iohannem
780 1907 929 1935 unum
962 1908 1080 1948 opus
1113 1898 1309 1936 constat.
1346 1894 1528 1935 Titulus
1564 1897 1720 1935 autem
1756 1893 1893 1936 Liber
1925 1892 2212 1934 famosarum

161 1985 466 2025 personarum
503 1972 643 2012 etiam
673 1970 729 2011 (le
759 1970 923 2012 eodem
963 1983 1103 2025 opere
1141 1974 1395 2025 usurpatur
1424 1971 1471 2011 in
1515 1970 1752 2024 «incipit»
1792 1973 1837 2011 et
1871 1969 1919 2010 in
1948 1967 2208 2024 «explicit»

160 2048 335 2089 litterae
360 2049 406 2090 13.
440 2049 486 2089 in
517 2048 713 2103 prologo
745 2047 920 2089 litterae
953 2047 1002 2098 C,
1029 2052 1113 2089 etc.
1143 2047 1276 2088 Liber
1307 2060 1418 2089 uero
1446 2047 1502 2089 de
1532 2047 1654 2088 Viris
1683 2046 1946 2088 illustribus
1976 2058 2212 2101 nusquam

162 2126 207 2165 in
241 2124 310 2165 Md
346 2125 433 2165 nisi
465 2126 509 2165 in
550 2125 685 2166 Libro
723 2124 778 2166 de
810 2125 1076 2166 Praeconiis
1122 2125 1374 2179 Hispaniae
1403 2125 1693 2166 nominatur.
1745 2123 1832 2165 Vbi
1870 2123 2059 2177 legitur,
2099 2122 2213 2165 folio

161 2203 214 2240 85
239 2201 415 2242 codicis
446 2203 666 2256 parisini:
704 2220 720 2238 «
750 2206 854 2243 ...ut
885 2202 931 2242 in
965 2202 1097 2242 libris
1127 2202 1301 2243 nostris
1330 2201 1385 2243 de
1414 2202 1530 2242 uiris
1560 2200 1823 2243 illustribus
1851 2204 1896 2242 et
1924 2201 1971 2241 in
2007 2198 2129 2242 libro
2157 2199 2214 2242 de

161 2279 323 2319 mundi
363 2279 559 2319 cialibus
597 2279 681 2320 suit
718 2278 913 2321 dictum.
940 2295 957 2317 »
1010 2278 1182 2320 Eodem
1221 2278 1412 2333 quidem
1453 2278 1555 2320 loco
1592 2278 1641 2319 in
1681 2278 1818 2320 Libro
1856 2277 1912 2319 de
1950 2276 2214 2319 Praeconiis

159 2356 360 2395 ciuitatis
393 2357 696 2397 numantinae
729 2354 846 2402 (Boi.
876 2354 930 2396 de
956 2355 996 2396 la
1023 2355 1128 2397 Real
1160 2355 1299 2396 Acad.
1326 2353 1448 2397 dela
1473 2354 1609 2406 llist.‚
1637 2358 1666 2396 t.
1693 2354 1746 2406 V,
1771 2367 1817 2409 p.
1850 2353 1950 2409 169)
1981 2353 2213 2396 omissum
2241 2360 2243 2363 ’

159 2436 225 2472 est
261 2451 275 2466 «
301 2436 343 2473 et
363 2433 413 2484 jn
441 2432 560 2472 libro
584 2433 639 2474 de
665 2433 828 2473 mundi
854 2433 1069 2474 etatibus.
1094 2449 1111 2470 »

250 2509 401 2562 Nequi·
424 2522 571 2549 unum
593 2514 633 2550 et
656 2509 778 2550 idern
803 2522 921 2563 opus
945 2522 1042 2551 esse
1069 2509 1257 2550 Librum
1286 2508 1342 2551 de
1369 2508 1530 2551 Mundi
1555 2508 1785 2550 aetatibus
1807 2507 1906 2550 siue
1929 2507 1985 2550 de
2006 2506 2214 2550 Etatibus

158 2590 199 2625 et
233 2584 420 2626 Librum
455 2586 509 2627 de
547 2586 665 2627 t'iris
699 2586 960 2627 illustribus
993 2587 1103 2628 satis
1136 2587 1426 2628 demonstrat
1460 2586 1506 2627 id
1541 2585 1668 2641 quod
1707 2585 1880 2627 dicitur
1908 2585 1956 2625 in
1988 2583 2126 2626 Libro
2157 2584 2214 2626 de

162 2662 422 2702 l’raeconiis
451 2663 651 2703 ciuitatis
683 2664 988 2704 numantinae
1019 2667 1083 2717 (p.
1123 2664 1221 2718 178)
1252 2667 1296 2704 et
1325 2664 1372 2704 in
1403 2662 1541 2705 Libro
1571 2663 1627 2704 de
1656 2662 1921 2703 Praeconiis
1964 2660 2215 2716 Hispaniae

157 2738 289 2785 (solio
313 2746 385 2792 ρι’·
409 2738 582 2780 codicis
608 2740 822 2793 parisini)
856 2757 872 2772 «ι
896 2739 1057 2794 quales
1087 2744 1242 2781 autem
1266 2753 1319 2782 ex
1343 2741 1409 2781 eis
1431 2739 1577 2794 aliqui
1606 2740 1796 2781 suerunt
1825 2737 1945 2780 liber
1973 2742 2132 2780 noster
2157 2737 2214 2780 de

159 2813 357 2853 etatibus
381 2817 423 2853 et
445 2813 500 2854 ‹le
525 2814 638 2854 uiris
670 2813 930 2855 illustribus
966 2814 1231 2855 manifestat
1254 2832 1289 2865 »,
1323 2819 1368 2856 et
1397 2815 1443 2855 in
1475 2814 1640 2856 eodem
1671 2813 1792 2856 libro
1827 2815 1940 2857 solio
1973 2814 2026 2862 [14
2056 2827 2211 2867 uerso,

160 2893 208 2929 ut
237 2889 518 2939 uidebimus,
553 2904 661 2931 narn
692 2891 747 2932 de
778 2890 917 2932 Libro
948 2891 1002 2932 de
1032 2891 1270 2932 Aetatibus
1300 2891 1421 2932 infra
1449 2895 1626 2946 agetur.
1653 2891 1785 2933 Nunc
1813 2891 1907 2933 iam
1931 2895 2087 2934 tamen
2110 2904 2212 2933 eam

160 2979 256 3007 rem
283 2978 376 3008 non
402 2966 519 3007 mihi
545 2967 720 3021 liquere
745 2968 901 3009 fateor.

248 3042 437 3084 Librum
467 3057 578 3084 uero
607 3057 748 3099 quem
779 3045 1004 3086 hactenus
1043 3044 1302 3086 Archiuum
1343 3044 1706 3099 appellauimus,
1734 3045 2003 3087 Armarium
2025 3057 2214 3100 quoque

160 3120 499 3173 scripturarum
533 3125 574 3161 et
611 3121 729 3163 Mare
769 3134 995 3175 magnum
1040 3121 1320 3175 inscriptum
1360 3105 1474 3173 esse,
1508 3136 1530 3163 e
1560 3121 1769 3164 clausula
1791 3121 2002 3164 eiusdem
2026 3121 2135 3163 libri
2164 3122 2213 3170 in

160 3196 319 3237 codice
344 3196 415 3237 Md
447 3198 572 3242 (uide
598 3211 753 3252 supra,
780 3212 824 3252 p.
854 3198 927 3251 sio)
957 3197 1340 3251 deprehenditur.
1368 3198 1517 3249 Quem
1541 3199 1743 3240 eundem
1776 3212 1875 3241 esse
1900 3203 2038 3254 atque
2064 3198 2214 3241 Histo-

159 3275 276 3314 riam
317 3274 576 3315 naturalem
617 3276 895 3316 canonicam
934 3275 1026 3322 (uel
1067 3275 1450 3330 ecclesiasticam)
1487 3280 1531 3317 et
1569 3275 1759 3317 ciuilem
1801 3276 1960 3317 minus
2003 3277 2209 3330 apparet.

161 3350 273 3390 Nam
296 3351 380 3391 etsi
404 3364 511 3391 eum
535 3363 558 3392 e
584 3356 689 3392 nota
717 3351 864 3392 titulis
890 3351 1067 3395 litterae
1087 3352 1124 3393 D
1147 3351 1274 3405 (uide
1304 3366 1346 3406 p.
1370 3350 1445 3406 39)
1469 3352 1526 3393 ab
1550 3352 1760 3395 Ordoi'nez
1791 3365 1901 3394 sane
1933 3351 2210 3407 praeposita,

160 3430 258 3467 tum
282 3440 305 3468 e
334 3426 510 3468 litterae
536 3427 568 3467 C
592 3427 720 3470 (uide
747 3442 789 3482 p.
820 3428 895 3483 37)
926 3432 970 3469 et
1002 3428 1201 3469 aliarum
1229 3429 1377 3469 initiis
1406 3442 1525 3483 quae
1554 3433 1713 3470 utrum
1743 3430 1798 3470 ab
1826 3427 2038 3470 Ordonez
2067 3441 2126 3469 an
2155 3427 2213 3469 ab

161 3502 368 3544 Iohanne
391 3505 649 3558 composita
675 3506 910 3547 incertum
933 3510 1017 3555 est,
1044 3505 1162 3547 illud
1187 3506 1345 3560 colligi
1371 3511 1537 3560 potest,
1564 3510 1719 3548 tamen
1748 3506 1976 3561 quoniam
2003 3504 2213 3548 Ordofiez

163 3591 255 3619 non
303 3580 490 3621 nouisse
533 3580 824 3635 principium
865 3583 1020 3636 operis
1064 3581 1267 3632 uidetur,
1305 3583 1353 3622 in
1390 3595 1598 3624 errorem
1636 3582 1798 3624 induci
1836 3581 1892 3625 de
1934 3582 2034 3624 eius
2076 3581 2213 3623 titulo

164 3656 333 3709 potuit3
367 3655 471 3698 ideo
500 3656 549 3697 iu
573 3657 856 3699 contrariam
880 3658 964 3699 iret
989 3658 1269 3700 sententiam
1294 3658 1330 3699 si
1359 3659 1463 3713 quis
1488 3659 1636 3713 magis
1659 3657 1716 3700 ad
1738 3658 1787 3700 id
1809 3657 2065 3701 attenderet
2085 3657 2213 3713 quod
