2405 4009
956 226 1175 253 NVMAN'riNi
1207 227 1350 253 POPVLI
2127 231 2174 268 fit)

125 316 443 371 desperatione
459 316 718 357 novissima
737 330 846 357 cum
863 317 958 357 suis
978 317 1200 357 omnibus
1220 315 1571 356 succenderent.
1592 316 1837 356 Numantia
1857 318 1941 358 ista
1956 317 2175 359 subversa

127 392 308 435 romani
333 392 482 445 magis
505 392 704 433 evasisse
729 393 1036 433 numantinos
1059 405 1201 446 quam
1224 404 1270 432 se
1293 391 1558 432 subdidisse
1583 392 1814 433 dixerunt.
1844 393 1940 434 Iloc
1968 397 2175 448 tempore

126 472 375 512 Brutus¹...
396 486 413 507 »
443 469 788 524 Prosequitur§
817 470 837 516 Λ
867 469 958 509 fere
982 473 1033 509 ut
1057 469 1103 508 in
1130 468 1243 519 Fita,
1273 468 1477 522 itemque
1508 473 1755 522 sequentes
1789 483 1937 523 usque
1970 476 2174 513 extrema

122 547 265 601 partis
290 550 457 596 sextae,
486 559 637 600 neque
660 549 729 587 est
752 545 877 600 quod
903 545 1092 586 uberius
1116 545 1231 599 quid
1256 545 1338 585 illo
1363 544 1466 586 loco
1490 545 1674 586 intersit
1698 546 1817 587 inter
1840 547 2003 587 ambos
2027 552 2176 588 textus

124 624 218 665 iam
252 636 420 677 parum
450 623 714 664 differentes
739 623 815 663 hic
842 626 1118 676 exponatur.
1148 622 1412 663 Notandum
1448 626 1602 662 tamen
1634 626 1702 662 est
1732 623 1960 677 scriptum
1983 624 2175 677 quidem

124 700 244 749 sicut
275 700 321 740 in
356 699 516 740 codice
553 699 833 740 Academico
866 712 1017 753 neque
1044 703 1200 740 autem
1235 702 1523 753 expunctum
1564 714 1582 736 α
1606 699 1653 738 in
1694 698 1730 738 H
1762 698 1953 740 littera»
1995 699 2069 750 (ll,
2114 701 2174 755 6),

122 776 280 818 deesse
310 780 466 817 autem
498 776 703 830 «vulgus
727 776 919 829 quidem
950 775 1161 830 loquitur
1184 776 1311 830 quod
1342 776 1620 828 homagium
1652 775 1820 816 fecerat
1848 776 2131 830 Almemoni)
2159 794 2174 815 n

123 853 194 908 (V,
225 854 285 908 2),
309 857 352 894 et
378 853 590 894 «fructus
615 853 808 894 habet...
837 853 1022 894 sanitati
1046 869 1085 895 n.
1107 853 1138 893 E
1162 861 1179 900 5·
1204 867 1216 893 1
1247 853 1391 907 partis
1417 851 1531 894 VIIae
1557 856 1738 893 tantum
1769 853 1921 906 prima
1949 855 2178 895 sententia

124 930 201 971 hic
229 929 415 983 legitur.
444 929 730 984 Paragraphi
771 944 867 970 2³21
912 931 1055 984 partis
1096 930 1323 980 eiusdem,
1362 930 1534 983 quibus
1575 930 1841 970 «fascinora
1877 931 2177 971 orientalium

123 1018 378 1060 regnorum
402 1010 446 1048 et
469 1007 730 1048 sediciones
756 1007 1039 1061 proditorias
1058 1020 1365 1048 romanorum
1395 1006 1468 1060 (P:
1497 1006 1764 1060 aliquarum
1798 1007 2062 1060 nationum)
2079 1021 2097 1047 ))
2130 1008 2178 1047 in

122 1083 254 1125 libris
283 1083 339 1125 de
369 1084 635 1125 Praeconiis
664 1084 913 1138 Hispaniae
945 1088 989 1125 et
1010 1084 1065 1125 de
1091 1084 1356 1125 Praeconiis
1381 1083 1582 1124 ciuitatis
1614 1083 1923 1125 Numantinae
1947 1084 2180 1126 Iohannes

122 1164 431 1212 enarrat‚non
450 1160 615 1202 eodem
631 1160 735 1201 loco
760 1161 900 1215 positi
924 1165 1048 1212 sunt,
1066 1160 1144 1201 sed
1170 1161 1262 1201 fere
1286 1160 1375 1200 hoc
1399 1160 1564 1201 ordine
1589 1160 1824 1214 leguntur,
1851 1162 2181 1214 praeeuntibus

124 1238 333 1293 quinque
354 1237 510 1279 uerbis
531 1245 675 1284 vex§2:
697 1254 715 1276 «
732 1242 775 1278 et
796 1242 848 1278 ut
870 1237 1007 1279 altius
1032 1238 1216 1279 traham
1241 1241 1362 1278 recte
1385 1238 1487 1290 (pro
1507 1236 1617 1289 rete)
1643 1238 1940 1279 aduertamus
1965 1252 2047 1292 per
2064 1252 2181 1293 quos

125 1314 336 1356 subversi
370 1319 415 1356 et
446 1314 645 1355 sumersi
670 1314 860 1356 fuerunt
884 1327 1013 1368 reges
1048 1314 1270 1368 Hispanie
1297 1327 1446 1368 usque
1479 1314 1620 1355 modo
1654 1318 1698 1355 ct
1724 1315 2022 1357 inveniemus
2053 1317 2179 1370 quod

123 1405 228 1433 raro
252 1405 332 1446 per
355 1391 626 1446 populares;
649 1391 940 1446 frequentius
958 1404 1065 1432 vero
1079 1404 1160 1445 per
1174 1390 1370 1432 mobiles
1384 1394 1427 1432 et
1451 1390 1676 1432 militares
1700 1384 1921 1433 homines*
1943 1393 2181 1447 principes

123 1472 402 1510 corruerunt
428 1472 471 1509 et
504 1481 585 1522 per
619 1468 809 1509 eosdem
845 1472 938 1509 tota
968 1468 1055 1508 fuit
1085 1467 1310 1521 Hispania
1334 1468 1586 1509 devastata.
1615 1468 1857 1522 Siquidem
1883 1470 2181 1524 Athaulphus

124 1559 203 1586 rex
248 1546 373 1599 apud
422 1538 769 1587 Bal-chinonem
818 1546 940 1586 inter
989 1544 1243 1586 familiares
1291 1545 1472 1586 fabulas
1523 1558 1547 1586 a
1589 1546 1794 1600 quodam
1847 1560 2041 1588 suorum
2096 1548 2181 1589 fuit

122 1621 498 1676 proditionaliter
530 1622 817 1663 interfectus.
856 1622 1104 1676 Sygericus
1135 1635 1214 1663 rex
1246 1635 1270 1662 a
1304 1622 1399 1662 suis
1424 1621 1643 1663 similiter
1666 1622 1954 1664 interfectus.
1976 1624 2181 1665 'Thuris—

124 1697 387 1739 mundus...
410 1699 479 1753 (ut
497 1698 545 1738 in
569 1705 586 1744 5
610 1698 680 1748 23,
705 1697 950 1740 deficiente
974 1703 1131 1739 tamen
1159 1711 1274 1738 «rex
1298 1698 1489 1739 inclitus
1509 1699 1738 1741 Bamba...
1766 1702 2095 1743 monachalem
2119 1703 2178 1755 »).

127 1774 346 1829 Sequitur
368 1781 385 1821 5
410 1774 479 1826 23,
507 1774 665 1816 addito
688 1790 705 1812 «
729 1774 895 1828 Froyla
919 1788 997 1816 rex
1017 1775 1207 1816 fratrem
1232 1760 1369 1815 suum
1396 1775 1703 1829 Vimaranum
1728 1778 1932 1831 propriis
1963 1779 2182 1820 manibus

124 1851 355 1893 interfecit
395 1855 440 1892 et
482 1852 553 1892 sui
597 1852 644 1892 in
676 1851 934 1893 vindictam
979 1852 1103 1906 apud
1149 1852 1345 1894 Canicas
1379 1852 1597 1906 Froylam
1628 1854 1998 1897 interfecerunt»
2041 1856 2182 1910 (quod

123 1929 283 1970 confer
304 1929 549 1983 cum§24)‚
572 1933 615 1970 et
637 1929 841 1970 detracto
869 1946 886 1968 «
904 1929 990 1971 hec
1013 1934 1258 1984 excepta...
1276 1930 1521 1971 tholetani.
1542 1947 1559 1968 υ
1587 1930 1765 1972 Deinde
1790 1932 1969 1986 aliquid
1993 1946 2046 1974 ex
2070 1934 2178 1980 524ε

125 2019 147 2048 ((
168 2006 363 2048 Omissis
388 2010 545 2047 autem
569 2007 775 2061 antiquis
804 2008 945 2060 gestis
972 2007 1218 2048 veniamus
1242 2006 1298 2048 ad
1323 2020 1374 2048 ea
1398 2020 1487 2061 que
1511 2012 1615 2061 post
1632 2013 1831 2050 mortem
1853 2010 2065 2051 Roderici
2084 2024 2182 2052 non

124 2097 148 2124 a
187 2083 371 2137 magnis
414 2084 707 2138 temporibus
751 2084 1068 2137 contigerunt.
1118 2084 1276 2125 Sciant
1318 2084 1463 2137 igitur
1503 2083 1679 2126 Galleci
1711 2086 1837 2140 quod
1872 2087 1985 2141 ipsis
2019 2092 2180 2130 contra

123 2173 281 2214 regem
300 2160 509 2202 Silonem
530 2160 831 2212 rebellarunt,
853 2161 931 2202 sed
952 2161 1050 2215 ipse
1070 2157 1331 2202 Galleciam
1350 2161 1655 2203 rebellantem
1677 2163 1726 2203 in
1750 2168 1911 2205 monte
1929 2164 2064 2219 Cipio
2082 2166 2181 2220 (sic)

123 2237 418 2291 superavit.»
454 2237 674 2292 Sequitur
703 2237 883 2292 aliquid
914 2251 967 2279 ex
997 2238 1090 2278 fine
1120 2238 1402 2292 paragraphi
1438 2252 1513 2294 27:
1555 2256 1571 2277 «
1600 2225 1826 2282 Similiter
1862 2246 2017 2295 spreto
2046 2243 2184 2285 Vere—

123 2314 302 2355 mundo
336 2313 433 2354 filio
466 2314 588 2368 regis
623 2314 778 2355 Sancii
806 2314 900 2355 duo
926 2314 1129 2356 naturali
1162 2314 1336 2356 Galleci
1367 2315 1605 2370 quendam
1641 2316 1995 2360 veremundum
2028 2320 2180 2361 filium

124 2391 246 2445 regis
274 2391 449 2432 ordinii
479 2404 620 2446 super
647 2405 694 2433 se
717 2405 877 2444 regem
909 2392 956 2432 in
982 2391 1088 2433 sede
1116 2392 1163 2434 B.
1192 2391 1346 2433 Iacobi
1376 2398 1669 2446 creaverunt,
1696 2411 1713 2432 »
1747 2399 1826 2442 et§
1852 2397 1905 2437 28
1929 2410 1936 2436 :
1966 2411 1985 2438 ((
2009 2397 2182 2438 Iterum

124 2472 334 2522 tempore
357 2468 478 2523 regis
504 2468 791 2510 Veremundi
815 2469 901 2509 filii
926 2468 1122 2510 Ordonii
1146 2467 1307 2509 Cadon
1333 2472 1376 2510 et
1398 2468 1559 2511 Cadon
1584 2471 1690 2524 (sic)
1714 2476 1755 2513 et
1788 2472 1987 2514 Ansilon
2018 2474 2183 2515 vasalli

124 2548 168 2586 et
198 2546 318 2587 servi
346 2546 570 2600 Ataulphi
595 2547 803 2600 episcopi
828 2546 1190 2600 compostellani
1216 2546 1365 2588 diium
1390 2548 1567 2602 su(u)m
1586 2549 1864 2604 episcopum
1883 2551 2005 2605 apud
2026 2565 2183 2605 regem

124 2622 180 2664 de
202 2623 400 2665 crimine
423 2627 704 2665 accusarunt
726 2623 853 2679 quod
871 2623 1208 2678 promiserat..
1245 2624 1529 2666 traditurum
1554 2625 1734 2668 ratione
1759 2628 1895 2681 cujus
1920 2633 2184 2670 acusatores

126 2712 233 2741 suos
263 2704 306 2742 et
334 2713 500 2742 eorum
530 2714 691 2742 semen
725 2700 1060 2742 maledictione
1092 2700 1371 2742 coharctans
1405 2703 1746 2745 sententialiter
1781 2705 1846 2745 sic
1881 2706 2088 2759 prefatur
2096 2737 2181 2746 .....

125 2781 288 2819 tenens
312 2777 485 2819 fusum.
509 2778 563 2819 Et
585 2792 693 2819 cum
713 2779 980 2820 recessisset
1001 2791 1025 2819 a
1048 2791 1153 2832 rege
1166 2778 1247 2833 qui
1271 2792 1379 2820 eum
1404 2780 1561 2820 scitari
1587 2780 1756 2822 fecerat
1779 2782 1825 2821 in
1851 2782 2018 2824 itinere
2041 2783 2185 2825 vitam

124 2854 333 2897 finivit...
373 2855 670 2909 sepulture.»
730 2856 970 2910 Repetitur
1017 2855 1268 2910 denique§
1304 2871 1319 2897 1
1354 2855 1483 2911 (cum
1529 2873 1546 2895 «
1583 2871 1853 2900 zamorense
1885 2876 1923 2912 »‚
1968 2861 2095 2914 quod
2134 2862 2183 2902 in

123 2931 284 2973 codice
326 2932 595 2974 academico
639 2937 928 2988 expunctum
962 2937 1046 2985 est,
1088 2946 1173 2988 pro
1206 2948 1225 2973 «
1251 2934 1642 2975 nummantinum
1670 2951 1708 2986 n,
1730 2935 1857 2990 quod
1890 2937 1940 2977 in
1970 2939 2182 2992 margine

124 3009 336 3050 eiusdem
365 3009 542 3050 codicis
573 3011 663 3051 hoc
692 3010 796 3052 loco
824 3010 1055 3064 scriptum
1085 3014 1169 3059 ests)
1196 3014 1240 3051 et
1263 3018 1281 3058 5·
1308 3025 1328 3051 2
1355 3011 1515 3052 addito
1553 3025 1574 3052 ((
1601 3012 1911 3065 penitentiam
1936 3014 2185 3056 damnatus

129 3098 224 3126 non
266 3086 374 3139 egit.
407 3103 424 3124 n
469 3086 602 3128 Subit
639 3094 656 3134 5·
702 3088 742 3128 3.
790 3087 898 3129 Post
934 3088 1087 3142 prima
1124 3088 1269 3129 uerba
1312 3088 1592 3143 paragraphi
1633 3089 1656 3135 [1
1690 3089 1837 3131 lector
1865 3090 2180 3133 admonetur:

130 3161 318 3213 «Quere
351 3176 493 3217 supra
536 3163 617 3204 ubi
653 3164 708 3205 de
743 3165 861 3207 Nino
904 3177 1011 3217 rege
1051 3178 1200 3219 usque
1247 3169 1291 3206 et
1323 3166 1661 3220 preualuerunt
1700 3166 1826 3208 idola
1855 3169 2014 3222 egypti
2046 3186 2085 3221 »‚
2134 3170 2180 3210 id

127 3242 197 3280 est
236 3252 385 3293 usque
427 3239 484 3280 ad
526 3239 672 3281 finem
716 3241 929 3282 eiusdem
972 3241 1257 3296 paragraphi
1300 3242 1435 3283 cuius
1484 3242 1703 3284 ultimam
1744 3246 2026 3286 sententiam
2076 3259 2184 3287 cum

126 3316 421 3370 paragrapho
471 3317 495 3356 5
542 3317 823 3371 transcripta
876 3318 1178 3372 reperiuntur
1219 3322 1270 3360 ut
1324 3320 1373 3360 in
1427 3320 1539 3360 Fita.
1578 3319 1609 3360 E
1650 3327 1668 3367 5
1710 3322 1733 3362 6
1779 3325 1962 3363 tantum
2017 3323 2132 3364 haec
2170 3337 2177 3363 :

132 3409 150 3432 α
182 3392 409 3435 Romulus
459 3393 649 3435 fratrem
699 3407 838 3435 suum
887 3395 1086 3437 Remum
1135 3395 1383 3437 interfecit.
1435 3396 1515 3437 Isti
1566 3396 1764 3439 Romam
1808 3398 2088 3440 edificarunt
2130 3401 2178 3441 in

212 3557 239 3576 1.
262 3546 341 3575 MPe
362 3555 433 3576 om.
451 3554 624 3584 «quoque
640 3547 802 3585 turpiter,
826 3548 859 3576 et
875 3555 965 3585 puer
981 3547 1149 3576 rationale
1172 3548 1255 3577 tunc
1285 3548 1487 3585 quadrupes
1513 3549 1669 3578 nascitur
1694 3551 1987 3588 quadrimanus...
2016 3551 2140 3590 duplex
2157 3561 2183 3581 n.

126 3592 220 3632 Quae
234 3594 434 3631 sequuntur
450 3593 485 3622 in
502 3593 604 3623 Thesi
622 3593 750 3624 nodosa
767 3594 878 3631 magis
893 3593 1022 3624 distant
1036 3594 1079 3623 ab
1096 3594 1244 3624 articulo
1262 3595 1303 3624 de
1321 3595 1542 3625 Numantinis
1567 3596 1707 3633 Populis
1728 3606 1834 3635 quam
1858 3601 1895 3627 ut
1919 3599 1974 3627 hic
1997 3608 2185 3637 pergamus

128 3648 166 3672 ea
183 3641 314 3671 notare.
