2405 4009
864 232 981 258 Lmen
1010 231 1252 257 ILLVSTRIVM
1282 230 1545 257 PEnsoNAmM
2179 220 2228 265 [⁸3

269 322 540 376 Sequuntur
571 321 756 362 articuli
789 321 895 375 ipsi,
930 321 1011 375 qui
1042 321 1090 361 in
1121 320 1196 361 Md
1229 320 1313 361 etsi
1349 321 1486 374 pauci
1514 320 1610 365 (XX
1639 333 1661 362 e
1692 319 1822 375 LXV)
1859 321 2069 361 translati
2104 326 2227 372 sunt,

178 399 235 440 ad
265 397 340 441 XC
364 398 476 440 folia
502 399 733 450 obtinent,
759 398 806 439 id
835 402 903 439 est
932 410 1080 451 usque
1114 396 1281 437 folium
1312 397 1455 436 103¹²¹¹¹.
1483 396 1538 437 Hi
1568 401 1722 437 autem
1748 400 1857 437 sunt
1881 396 2002 437 tituli
2027 410 2229 451 quorum

176 475 363 517 articuli
387 475 436 515 in
461 474 536 515 Md
559 475 873 516 inueniuntur
895 487 901 514 :
928 474 1101 525 Aaron,
1124 472 1361 523 Abachuc,
1392 472 1582 523 Abdias,
1606 472 1787 523 Abdon,
1820 472 1948 523 Abel,
1975 473 2227 523 Abraham,

174 551 373 593 Acisdus
396 555 440 592 et
465 551 686 597 Victoria,
704 551 836 591 Alani
860 549 1270 604 populi,Alaricus
1296 563 1390 600 rex,
1408 549 1739 603 Aldephonsus
1764 548 2026 602 multiplex,
2047 551 2232 590 Alman-

171 640 250 669 zor
270 640 349 668 rex
366 626 590 677 Arabum,
610 626 860 667 Almanzor
885 626 1097 680 Hyssem,
1114 626 1348 667 Antonius
1369 625 1618 679 multiplex
1633 626 1705 672 (de
1727 626 1896 677 Padua,
1915 626 2229 678 Segobiensis,

174 703 568 757 Sa-ntarenensis),
598 704 866 744 Antoninus
893 707 1084 756 martyr,
1114 703 1388 743 Atanaricus
1420 716 1513 752 rex,
1543 701 1840 756 Athaulphus
1866 716 1959 753 rex,
1984 701 2101 742 Atila
2135 716 2227 751 rex,

176 781 412 822 Avenroix
442 780 777 834 philosophuS,
805 780 988 821 Azarias
1011 784 1055 821 et
1078 780 1283 820 Ananias
1308 797 1345 820 ».

264 856 500 898 Articulus
524 857 605 911 qui
637 857 895 910 inscriptus
929 861 997 898 est
1030 857 1365 911 Aldephonsus
1398 870 1422 898 a
1453 856 1566 897 folio
1603 856 1674 902 24⁰
1703 855 1759 896 ad
1790 856 1861 910 78⁰
1891 855 2156 896 extenditur
2191 859 2234 895 et

173 934 348 975 multos
373 933 700 987 Aldephonsos
725 934 1102 988 comprehendit,
1129 947 1336 988 quorum
1360 934 1484 975 uitae
1509 934 1574 975 sic
1599 933 1837 986 incipiunt
1859 946 1867 972 :

265 1027 284 1050 «
312 1011 644 1065 Aldephonsus
704 1010 1091 1065 archiepiscopus
1159 1010 1467 1052 Toletanus...
1504 1033 1560 1040 —
1603 1009 1935 1063 Aldephonsus
2000 1008 2232 1049 secundus

174 1087 331 1143 (nobis
368 1087 405 1142 Ι)
435 1087 587 1128 dictus
624 1087 895 1129 Catholicus
928 1088 1015 1128 fuit
1037 1087 1163 1129 filius
1189 1088 1309 1129 Petri
1342 1087 1474 1129 ducis
1507 1086 1878 1129 Cantabrie...—
1903 1085 2234 1139 Aldephonsus

122 1178 131 1190 ‘
172 1166 342 1207 tercius
366 1163 525 1219 (nobis
545 1164 605 1216 ΙΙ)
629 1165 782 1206 dictus
807 1163 970 1207 Castus
994 1165 1081 1205 fuit
1104 1164 1229 1206 filius
1254 1165 1389 1218 Regis
1414 1164 1577 1218 Froylc
1608 1177 1688 1204 seu
1720 1162 1993 1216 Froylani...
2022 1187 2077 1191 ——
2102 1162 2234 1202 Alde-

172 1242 385 1296 phonsus
423 1224 619 1296 quartus
655 1241 755 1297 (111)
791 1241 917 1282 filius
950 1241 1092 1295 primi
1128 1241 1325 1283 Ordonii
1368 1241 1547 1294 regis...
1574 1265 1631 1271 —
1670 1224 2233 1294 Aldephonsus‘quintus

174 1319 270 1376 (IV)
294 1319 419 1361 filius
445 1319 639 1361 secundi
669 1319 866 1361 Ordonii
896 1319 1074 1372 regis...
1104 1343 1157 1348 ——-
1182 1318 1515 1372 Aldephonsus
1549 1322 1701 1359 sextus
1731 1317 1803 1371 (V)
1833 1316 1957 1357 filius
1989 1316 2234 1357 Beremudi

173 1397 282 1438 Mali
334 1396 420 1438 filii
472 1397 595 1450 regis
645 1396 900 1438 Ordonii...
935 1420 994 1427 ——
1030 1396 1362 1450 Aldephonsus
1416 1396 1643 1449 septimus
1676 1392 1774 1446 (VI)
1816 1394 1940 1434 filius
1984 1393 2070 1433 fuit
2112 1392 2234 1445 regis

175 1473 408 1516 Fernandi
432 1473 691 1515 monarche
715 1473 856 1514 totius
880 1473 1163 1527 Hispanie...
1189 1497 1244 1502 —
1269 1472 1602 1527 Aldephonsus
1627 1470 1729 1511 VIII
1762 1470 1816 1525 (Ι)
1839 1470 1925 1511 suit
1957 1483 2034 1510 rex
2068 1470 2235 1522 Arago-

174 1564 347 1592 num...
373 1575 432 1581 —-
456 1550 789 1605 Aldephonsus
814 1563 970 1591 nonus
994 1550 1114 1604 (Vll)
1149 1551 1274 1591 filius
1308 1550 1493 1591 comitis
1527 1549 1793 1603 Raymundi
1830 1547 1981 1588 dictus
2014 1554 2235 1601 processu

173 1629 400 1683 temporis
418 1628 511 1669 Rex
534 1628 868 1682 Hispaniarum
884 1626 927 1669 ἐξ
946 1627 1250 1682 postmodum
1272 1627 1547 1681 Imperator.
1561 1625 1938 1680 ..-—Alphonsus
1956 1622 2234 1678 decimus(I)

174 1705 300 1747 filius
325 1706 512 1747 comitis
537 1705 782 1746 Henrici...
808 1730 866 1734 ——-
890 1704 1222 1759 Aldephonsus
1249 1704 1531 1745 undecimus
1557 1703 1631 1758 (ΙΙ)
1661 1703 1786 1744 filius
1819 1702 1905 1743 suit
1935 1701 2080 1742 Santii
2113 1700 2235 1753 regis

175 1783 370 1824 secundi
395 1782 717 1836 Portugalie...
739 1806 796 1813 —
815 1781 1145 1837 Aldephonsus
1175 1775 1486 1823 duodecimus
1512 1780 1685 1821 nobilis
1707 1780 1851 1835 (VIII)
1877 1791 1956 1820 rex
1980 1777 2229 1819 Castelle...

174 1859 300 1901 filius
324 1859 412 1901 fuit
434 1859 759 1901 desiderabilis
779 1859 989 1902 Santii...
1016 1884 1068 1890 —
1092 1859 1425 1913 Aldephonsus
1450 1859 1662 1900 decimus
1686 1857 1846 1898 tertius
1874 1855 1969 1911 (IX)
1996 1854 2083 1895 fuit
2111 1853 2236 1894 filius

175 1937 313 1991 Regis
357 1937 590 1979 Fernandi
629 1937 765 1990 Regis
809 1937 1085 1990 Legionis...
1123 1962 1181 1967 —
1223 1936 1553 1990 Aldephonsus
1597 1934 1723 1976 XIIII
1767 1932 1809 1975 Sc
1852 1946 1931 1974 rex
1976 1930 2236 1983 Portugalie

174 2014 369 2069 quintus
387 2013 488 2070 (III)
581 2014 708 2055 filius
732 2014 819 2056 fuit
838 2014 1131 2068 Aldephonsi
1152 2014 1288 2067 Regis
1307 2011 2046 2067 portugalie...—Aldephonsus
2066 2008 2141 2049 XV
2161 2007 2236 2062 (Χ)

173 2090 300 2132 filius
325 2091 413 2133 fuit
444 2091 791 2146 primogenitus
815 2095 859 2133 et
886 2092 1020 2133 heres
1048 2091 1339 2133 nobilissimi
1370 2091 1506 2145 Regis
1541 2089 1761 2132 Ferrandi
1784 2106 1822 2127 ».
1859 2088 1987 2128 Hanc
2018 2086 2235 2126 ultimam

174 2168 331 2210 Vitam
379 2168 525 2211 edidit
573 2169 671 2210 Fita
720 2169 769 2210 in
818 2184 837 2208 «
859 2168 1039 2211 Boletin
1089 2168 1144 2211 de
1194 2169 1238 2210 la
1287 2169 1342 2210 R.
1395 2167 1541 2211 Acad.
1598 2168 1654 2209 de
1703 2166 1746 2207 la
1800 2165 1998 2206 Historia
2024 2180 2060 2216 »,
2107 2167 2136 2204 t.
2180 2163 2232 2214 V,

175 2259 253 2300 pp.
288 2246 512 2301 319-327.
791 2250 796 2255 '

262 2322 442 2365 Deinde
465 2323 636 2378 legitur
656 2338 663 2365 :
696 2340 713 2362 «
736 2325 771 2365 A
796 2324 861 2365 fin
885 2323 940 2365 de
963 2323 1007 2365 la
1031 2324 1228 2365 historia
1252 2323 1307 2366 de
1337 2324 1538 2374 Azarias,
1565 2321 1769 2364 Ananias
1793 2335 1821 2375 y
1846 2319 2019 2361 Mitael¹
2047 2319 2155 2373 (que
2188 2331 2234 2359 es

175 2399 219 2441 la
240 2400 408 2442 ultima
431 2414 521 2455 que
545 2414 666 2455 pone
690 2414 747 2442 en
772 2401 814 2442 el
837 2401 986 2443 orden
1010 2401 1308 2456 alphabetico
1333 2401 1388 2443 de
1412 2400 1455 2442 la
1479 2401 1535 2457 A)
1558 2400 1659 2442 dice
1681 2399 1748 2440 asi
1771 2412 1778 2439 :
1806 2397 1864 2438 ad
1888 2401 2051 2438 votum
2080 2396 2236 2449 itaque

175 2491 334 2520 meum
376 2478 532 2532 primo
571 2478 878 2519 historiarum
916 2478 1038 2520 libro
1078 2478 1134 2519 ad
1174 2479 1319 2520 finem
1354 2491 1503 2533 usque
1532 2477 1789 2532 perducto:
1817 2474 1887 2515 illi
1917 2473 2087 2528 gratias
2117 2472 2236 2513 redi—

175 2568 373 2598 mus...»
406 2554 459 2596 Et
481 2559 587 2609 post
609 2555 932 2597 laudationem
959 2555 1119 2597 Beatae
1139 2555 1348 2609 Virginis
1374 2568 1381 2595 1
1413 2570 1432 2594 ((
1455 2554 1656 2609 Explicit
1678 2553 1861 2607 primus
1886 2551 2004 2592 liber
2034 2549 2234 2590 IIistorie

173 2630 409 2674 Canonice
447 2645 499 2673 ac
531 2632 700 2684 civilis,
735 2646 825 2687 que
852 2636 1046 2674 vocatur
1080 2632 1300 2685 Historia,
1327 2633 1424 2674 sive
1457 2632 1592 2675 Liber
1624 2634 1883 2675 illustrium
1924 2643 2233 2687 personarum

169 2709 293 2751 edita
314 2721 339 2750 a
362 2709 500 2751 fratre
524 2709 703 2751 Iuanne
726 2709 923 2764 Eggidio
954 2710 1181 2764 Hispano,
1209 2710 1264 2751 de
1293 2709 1460 2751 ordine
1491 2710 1687 2752 fratrum
1718 2712 1977 2753 minorum.
2012 2709 2233 2762 Quisquis

171 2799 281 2827 cum
308 2785 513 2828 Historia
534 2787 765 2828 canonica
788 2790 831 2828 et
854 2786 982 2828 civili
1006 2787 1180 2828 habere
1204 2786 1405 2828 voluerit
1428 2786 1684 2829 Historiam
1718 2788 2000 2839 naturalem,
2027 2785 2234 2840 requirat

168 2863 346 2904 librum
380 2867 597 2905 nostrum
630 2865 763 2918 cujus
796 2864 961 2906 titulus
990 2868 1090 2906 est:
1117 2864 1349 2906 Archivus
1380 2865 1477 2906 sive
1512 2866 1782 2907 Armarium
1822 2866 2167 2919 Scripturarurn
2192 2866 2235 2904 et

171 2940 349 2982 ibidem
386 2940 594 2982 inveniet
631 2942 792 2983 omnia
831 2942 924 2984 fere
963 2942 1197 2984 naturalia
1234 2947 1278 2984 et
1316 2943 1593 2990 scientialia,
1633 2943 1859 2984 canonica
1895 2947 1938 2983 et
1975 2940 2146 2993 civilia,
2184 2940 2231 2979 in

171 3017 624 3072 contemplationem
647 3018 775 3060 illius
799 3020 881 3074 qui
903 3019 1050 3061 edidit
1072 3020 1348 3062 universa...
1374 3036 1392 3058 n
1421 3020 1555 3071 Quod
1580 3023 1738 3074 postea
1764 3020 2002 3073 legebatur
2026 3019 2073 3058 in
2098 3017 2233 3058 ordo-

171 3095 384 3136 nieziano
409 3096 699 3149 apographo,
726 3097 877 3137 scriba
900 3097 1179 3138 ssorezianus
1211 3097 1304 3138 iam
1339 3097 1387 3137 in
1422 3097 1551 3149 folio,
1579 3098 1703 3151 quod
1745 3110 1828 3139 suo
1868 3095 2152 3151 praeposuit,
2187 3107 2232 3134 se

169 3171 404 3214 rettulisse
431 3171 650 3223 declarat,
678 3176 721 3214 et
745 3173 802 3214 ab
826 3174 931 3226 ipso
955 3173 1166 3215 Ordo'siez
1190 3173 1404 3215 additum
1430 3174 1571 3215 fuisse
1594 3178 1732 3228 patet.

260 3247 430 3289 Littera
458 3248 490 3289 B
517 3252 698 3290 tantum
728 3262 753 3290 a
788 3250 885 3290 103⁰
909 3249 965 3290 ad
1002 3254 1131 3290 111¹¹¹¹¹
1161 3250 1330 3291 solium
1360 3251 1555 3301 obtinet,
1588 3251 1852 3305 praeposita
1890 3267 1906 3288 «
1931 3249 2232 3291 meditatione

173 3324 420 3379 proemiali
444 3342 482 3377 »,
519 3326 652 3366 cuius
686 3326 879 3367 initium
913 3326 1117 3380 exempli
1150 3327 1297 3379 gratia
1331 3340 1654 3381 proponemus
1688 3341 1694 3368 :
1737 3344 1753 3365 «
1785 3327 1956 3381 Incipit
1989 3325 2230 3367 meditatio

172 3401 445 3456 proemialis
491 3402 540 3442 in
579 3402 666 3443 ΙΙωῃ
704 3402 884 3443 librum
933 3403 1222 3444 famosarum
1268 3417 1578 3458 personarum
1623 3404 1903 3445 notabilium
1952 3417 1973 3443 a
2021 3402 2052 3442 B
2099 3401 2229 3441 litera

173 3478 521 3532 incipientium.
558 3479 742 3520 Bonum
782 3493 1025 3520 summum
1065 3479 1188 3522 Deus
1227 3480 1430 3521 Trinitas
1473 3484 1540 3521 est
1580 3481 1723 3535 siquit
1760 3481 1890 3533 tetigi
1930 3480 1977 3520 in
2016 3479 2136 3518 libro
2174 3477 2229 3518 de

174 3554 576 3610 speculationibus
627 3555 917 3610 prelatorum
971 3570 1053 3610 per
1103 3560 1367 3598 creatorum
1421 3557 1658 3599 bonorum
1710 3556 2121 3609 investigationem
2172 3553 2227 3594 ad

263 3660 287 3679 1.
314 3648 378 3678 Sic.
