2405 4009
150 258 198 298 ἰἶι
676 267 774 300 va
803 265 851 293 ΒΧ
881 266 989 294 univ
1019 265 1198 293 sentens
1229 265 1361 291 Limus
1391 264 1662 291 Punctvurvn

149 356 338 398 increati
364 356 475 397 boni
497 355 817 409 cognitionem
842 354 1152 397 delectionem
1179 354 1451 395 savitionem
1474 351 1654 394 valeam
1678 352 1941 407 pervenire;
1966 353 2193 409 quoniam

150 434 330 475 facilius
359 432 605 474 devenitur
632 433 679 472 in
714 431 798 473 hec
832 432 953 473 bona
987 432 1203 486 superius
1233 430 1459 485 prelibata
1492 430 1535 470 vi
1565 428 1768 483 exempli
1797 441 1940 484 quam
1978 430 2024 471 vi
2059 443 2194 485 argu-

153 510 296 551 menti
327 510 435 563 quia
467 507 677 563 exempla
712 509 860 561 magis
894 512 1081 550 movent
1112 521 1254 562 quam
1287 506 1441 548 verba.
1479 505 1658 547 ldcirco
1693 509 1798 560 post
1828 504 2193 561 descriptionem

155 599 458 640 personarum
502 590 543 626 et
587 585 802 625 alliaruin
849 598 1002 626 rerum
1047 585 1104 625 ab
1148 586 1180 625 A
1227 584 1376 638 prima
1423 582 1571 624 xocali
1613 581 1860 623 exordium
1904 582 2194 625 sumentium

152 662 206 702 ad
251 662 589 716 descriptiones
631 661 828 703 aliarum
870 675 1025 703 rerum
1070 659 1350 702 notabilium
1393 672 1482 714 que
1525 672 1549 700 a
1594 658 1625 700 B
1668 658 1904 713 incipiunt
1945 658 2196 701 transitum

154 739 432 780 faciemus...
462 758 477 772 ›-

242 815 343 856 l‘ost
381 815 493 856 XXV
528 815 685 856 titulos
720 815 807 855 hoc
833 815 1101 855 inuenitur:
1134 833 1149 849 υ
1176 814 1219 854 Si
1251 812 1355 867 quis
1381 825 1488 853 vcro
1513 812 1682 853 habere
1706 810 1906 853 voluerit
1936 816 2016 854 aut
2043 811 2197 866 legere

151 891 354 945 amplius
377 891 432 931 de
455 890 558 931 aliis
583 891 843 932 illustribus
874 891 1101 945 personis.
1129 903 1217 944 que
1242 890 1288 930 in
1313 894 1388 930 tan
1414 889 1618 943 antiquis
1645 887 1853 929 historiis
1876 888 2195 942 continentur,

154 969 356 1022 requirat
387 968 558 1009 librum
586 973 796 1008 nostrum
822 969 954 1021 cujus
979 967 1141 1008 titulus
1165 970 1261 1007 est:
1292 966 1522 1006 Archivus
1548 978 1626 1006 seu
1648 965 1913 1005 Armarium
1940 964 2199 1020 Scriptura-

154 1058 274 1088 rum.
297 1045 374 1085 uhi
401 1044 544 1085 multa
567 1044 684 1085 bella
704 1044 857 1084 civilia
881 1044 1049 1098 poterit
1072 1043 1298 1084 invenire.
1324 1042 1372 1083 ln
1395 1042 1482 1083 hoc
1507 1046 1662 1083 autem
1687 1040 1807 1082 libro
1827 1054 1922 1083 non
1942 1041 2033 1082 nisi
2051 1054 2199 1097 pauca

157 1121 310 1162 studui
334 1135 567 1173 agregare.
597 1143 610 1153 ’ν

244 1197 291 1238 1η
325 1198 395 1238 Md
434 1197 559 1238 solus
590 1196 644 1238 «le
679 1197 848 1238 Ramba
880 1196 1103 1237 articulus
1138 1194 1388 1237 translatus
1420 1198 1503 1236 est.
1538 1195 1625 1236 Sed
1656 1195 1703 1235 in
1738 1207 1824 1235 ms.
1864 1193 2199 1237 ordonieziano
2250 1212 2261 1228 ·

153 1279 282 1315 erant
310 1274 405 1318 alii,
433 1276 525 1315 uita
557 1274 719 1315 saltem
751 1278 934 1314 sanctae
966 1272 1195 1327 Brigidae,
1226 1285 1336 1313 nam
1366 1271 1480 1313 solio
1511 1277 1612 1312 111⁰
1635 1271 1807 1312 dicitur
1836 1285 1844 1312 ε
1875 1287 1893 1310 «
1920 1271 1963 1313 al
1986 1271 2052 1313 fin
2075 1270 2202 1314 dela

155 1350 258 1391 vida
291 1350 347 1391 de
387 1351 569 1404 Brigida
602 1364 691 1405 que
714 1359 778 1403 (es
807 1350 847 1392 la
877 1350 1042 1391 ultima
1070 1362 1160 1404 que
1187 1362 1307 1404 pone
1335 1362 1391 1390 en
1420 1349 1461 1390 el
1490 1348 1637 1390 orden
1670 1347 1968 1403 alphabetico
1999 1347 2057 1391 de
2084 1347 2128 1391 la
2151 1347 2201 1407 B)

156 1428 256 1468 dice
279 1428 401 1468 asi...
434 1447 469 1468 ι».

241 1506 414 1558 Operae
451 1505 651 1558 pretium
684 1518 793 1545 sane
822 1509 889 1546 est
922 1503 1230 1545 transcribere
1265 1501 1527 1544 clausulam
1564 1501 1742 1544 litterae
1775 1501 1904 1543 illius
1933 1505 1978 1544 et
2009 1501 2202 1544 initium

154 1583 388 1636 sequentis
420 1600 433 1618 ω
466 1582 659 1636 Explicit
683 1581 916 1623 secundus
940 1582 1055 1622 liber
1079 1581 1364 1622 fumosarum
1390 1592 1718 1634 personarum,
1744 1579 1825 1635 qui
1853 1581 1924 1620 est
1955 1578 2073 1620 liber
2101 1577 2204 1620 His-

158 1658 271 1698 torie
311 1659 544 1699 Canonice
586 1669 630 1699 a¹
674 1659 842 1708 civilis,
885 1658 1037 1699 editus
1080 1670 1105 1698 a
1145 1657 1281 1698 fratre
1322 1656 1498 1698 luanne
1536 1656 1687 1710 Egidii
1721 1656 1778 1699 de
1808 1655 1975 1698 ordine
2006 1655 2201 1698 fratrum

161 1735 411 1780 Nlinorum,
437 1735 491 1775 ad
519 1735 702 1776 laudem
731 1739 772 1776 et
804 1735 1004 1788 gloriam
1034 1734 1232 1775 almiflui
1265 1733 1366 1774 Iesu
1398 1732 1590 1784 Christi,
1617 1733 1689 1774 cui
1715 1736 1783 1775 est
1811 1732 1967 1774 honor
1987 1735 2031 1773 et
2051 1731 2203 1786 gloria

160 1825 239 1864 per
278 1810 431 1852 secula
472 1812 669 1852 infinita.
712 1813 876 1852 Amen.
913 1811 1137 1865 Quisquis
1176 1814 1332 1851 autem
1373 1809 1508 1864 plura
1546 1810 1664 1852 scire
1702 1810 1902 1852 voluerit
1932 1808 1989 1851 de
2022 1808 2204 1850 actibus

157 1889 397 1928 canonicis
432 1893 475 1929 et
507 1888 741 1938 civilibus,
776 1889 982 1942 requirat
1013 1887 1188 1928 librum
1220 1891 1436 1928 nostrum
1469 1888 1604 1942 cujus
1633 1886 1796 1928 titulus
1818 1890 1887 1928 est
1912 1898 1921 1927 :
1949 1885 2199 1937 Archivus,

159 1966 254 2006 sive
288 1966 553 2006 Armarium
588 1966 944 2020 scripturarum.
977 1964 1218 2019 Quidquid
1248 1968 1404 2006 autem
1435 1965 1484 2005 in
1518 1964 1608 2006 hoc
1639 1964 1760 2005 libro
1792 1967 1837 2005 et
1864 1963 1913 2004 in
1943 1961 2046 2004 aliis
2074 1975 2100 2004 a
2131 1975 2206 2004 me

161 2043 316 2082 minus
344 2042 457 2082 liene
481 2042 658 2083 dictum
684 2046 751 2084 cst
779 2042 849 2084 vel
881 2042 1203 2083 insulicienter
1225 2041 1422 2092 dictum,
1450 2044 1600 2082 totum
1626 2040 1847 2095 relinquo
1871 2038 2207 2093 corrigendum

157 2119 355 2159 consili«)
381 2119 569 2159 saniori.
598 2120 640 2160 Si
666 2119 803 2160 etiam
829 2119 984 2173 alique
1008 2119 1359 2160 contrarietates
1390 2118 1438 2159 in
1469 2130 1610 2172 opere
1640 2121 1819 2172 reperte
1842 2116 2031 2168 suerint,
2057 2115 2206 2158 sciant
2271 2169 2276 2173 .

161 2195 351 2236 lectores
382 2195 505 2249 quod
540 2195 799 2237 secundum
823 2195 1119 2237 diversorum
1149 2195 1397 2236 doctorum
1425 2198 1469 2236 et
1498 2193 1993 2248 historiographorum
2021 2196 2208 2235 senten-

159 2273 241 2312 tias
279 2273 580 2313 contrarietas
621 2277 769 2326 potest
813 2272 948 2314 solvi.
992 2272 1077 2313 Vix
1119 2273 1246 2313 enim
1284 2285 1308 2313 a
1341 2271 1525 2313 duobus
1564 2271 1665 2312 uisa
1703 2269 1778 2312 uel
1820 2268 1978 2311 audita
2018 2273 2209 2324 propter

161 2350 385 2389 memorie
410 2349 681 2390 labilitatem
706 2354 747 2390 et
773 2350 1043 2391 varietatem
1074 2348 1239 2391 eodem
1271 2348 1413 2390 modo
1449 2353 1493 2390 et
1515 2348 1676 2390 eadem
1708 2350 2007 2402 suputantur‚
2042 2349 2087 2388 et
2116 2345 2207 2388 hoc

162 2427 207 2465 in
244 2425 592 2479 compendiosis
630 2426 867 2480 operibus,
909 2430 1086 2480 quanto
1125 2426 1275 2479 magis
1307 2426 1356 2466 in
1386 2438 1525 2480 opere
1555 2425 1621 2466 sic
1650 2424 1821 2476 diffuso,
1857 2423 1999 2478 pleno
2030 2422 2208 2477 vigiliis

157 2506 200 2542 et
233 2501 389 2542 labore
420 2502 717 2543 considerent
758 2502 1040 2543 detractores
1081 2502 1230 2543 nostri
1270 2501 1397 2556 quod
1437 2501 1638 2543 libenter
1670 2501 1884 2555 ipsorum
1919 2499 2208 2542 adiutorium

162 2579 439 2632 recipiemus
459 2579 595 2618 etiam
623 2579 668 2619 in
695 2579 834 2619 unius
861 2579 963 2619 iacti
990 2579 1239 2633 scriptura,
1261 2592 1285 2619 a
1305 2591 1350 2620 se
1374 2578 1532 2619 minus
1558 2578 1827 2619 sufficienter
1844 2576 1966 2618 dicta
1989 2580 2034 2618 et
2056 2576 2209 2631 ipsam

159 2654 453 2708 aliquatenus
486 2654 812 2696 extolcremus.
850 2655 934 2696 Sed
973 2659 1152 2696 certum
1181 2659 1250 2696 est
1284 2654 1409 2709 quod
1435 2667 1486 2696 ea
1525 2667 1616 2709 que
1652 2654 1880 2709 consequi
1917 2665 2015 2695 non
2051 2652 2211 2695 valent

158 2730 423 2784 despiciunt
455 2735 497 2771 et
530 2732 745 2772 nituntur
772 2731 888 2772 alios
925 2731 1265 2785 reprehendere
1295 2735 1346 2773 ut
1376 2732 1464 2785 ipsi
1498 2731 1750 2773 uideantur
1773 2730 2007 2785 sapientes
2031 2742 2146 2772 esse.

878 2887 1111 2939 Hucusque
1142 2886 1319 2926 Primus
1354 2888 1494 2927 lomus

251 2994 353 3036 Esta
378 2995 543 3036 ultima
570 2996 690 3037 linea
714 3009 759 3037 sc
778 2996 995 3037 entiende
1018 2995 1089 3037 del
1116 2996 1196 3038 ΜΒ.
1224 2995 1423 3050 original
1449 3008 1539 3050 que
1562 3008 1610 3037 se
1631 2994 1807 3049 guarda
1830 3008 1888 3037 en
1911 2994 1952 3036 el
1977 2997 2210 3036 convento

163 3071 219 3112 de
249 3072 293 3112 S.
324 3072 567 3113 Francisco
597 3072 652 3113 de
682 3072 721 3113 la
753 3072 921 3114 ciudad
951 3072 1007 3114 de
1036 3073 1244 3115 Zamora.

940 3222 1096 3262 Tomus
1130 3221 1192 3261 2¹⁴·
1223 3224 1265 3261 et
1295 3221 1359 3261 3¹⁴⁸
1392 3220 1497 3261 liber

526 3315 726 3364 Proloqus
747 3315 1026 3354 Personarum
1047 3314 1268 3353 illustrium
1289 3327 1313 3352 a
1334 3313 1451 3352 litera
1473 3313 1505 3352 C
1523 3312 1799 3363 incipientium
1822 3326 1856 3350 n.

255 3420 480 3474 Prologus
522 3421 599 3462 ille
643 3422 775 3462 cuius
815 3422 1002 3463 initium
1042 3420 1198 3462 solum
1238 3421 1285 3461 in
1330 3419 1535 3461 Archino
1572 3419 1659 3461 sub
1695 3419 1859 3461 eadem
1897 3417 2050 3460 littera
2087 3420 2213 3459 tran-

165 3498 392 3551 scriptum
438 3501 520 3547 est,
564 3502 685 3539 totus
723 3499 800 3539 hic
839 3499 889 3539 in
932 3497 1006 3539 Md
1051 3498 1309 3548 inuenitur,
1346 3497 1593 3552 adscriptis
1632 3497 1774 3539 etiarn
1812 3495 1969 3538 uerbis
2006 3506 2126 3550 quae
2160 3493 2211 3535 in

169 3574 372 3614 Archino
405 3572 540 3615 aliter
571 3573 863 3628 legebantur.

253 3677 278 3697 ι.
305 3669 357 3697 :ic
373 3669 456 3704 sac).
