2405 4009
469 252 714 280 ADDITIONES
744 253 798 279 AD
827 252 1058 280 CHRONICON
1089 253 1240 279 IVLIANI
1269 253 1386 279 PETRI
1417 253 1467 278 ΑΒ
1496 253 1675 279 HIGVERA
1707 253 1947 280 SVPPOSITAF
2189 244 2236 295 73

191 359 209 382 11
231 341 443 396 Leyenda
466 341 522 383 de
548 341 616 382 las
634 340 840 382 Insantas
864 341 920 382 de
944 341 1055 383 Lara
1076 356 1116 391 »,
1138 355 1183 395 p.
1206 342 1297 393 51).
1319 341 1563 395 Equidem,
1587 342 1746 393 fatcor,
1772 342 1946 383 fraudis
1970 344 2238 396 suspicione

186 432 333 475 paene
362 409 550 460 liberari
582 418 854 459 Florianum
886 419 1026 459 etiam
1054 418 1337 471 putauerim,
1365 418 1491 471 quod
1526 422 1655 459 notat
1680 417 1836 459 Fl‹'›rcz
1867 418 1990 472 (Esp.
2020 419 2235 473 Sagrada,

186 501 218 538 t.
245 496 362 548 XIV,
388 510 433 550 p.
461 496 545 550 339
571 495 801 537 secundae
830 494 1071 548 editionis)
1103 507 1211 535 eum
1242 495 1485 535 Zamoram
1514 507 1606 535 non
1638 495 1832 535 candem
1862 508 1912 536 ac
1939 496 2238 537 Numantiam

186 586 300 624 esse,
316 572 535 626 quamuis
555 570 1166 622 Zamorensem,asseruisse
1181 583 1187 609 :
1204 583 1475 624 quanquam
1495 569 1611 609 illud
1626 569 1850 611 Iohannis
1871 570 2051 623 Aegidii
2071 576 2112 613 ct
2129 573 2241 613 mul-

187 654 343 691 torum
366 648 568 689 aliorum
593 648 673 702 qui
695 661 719 688 a
743 646 929 688 saeculo
954 646 1007 687 X⁰
1031 646 1322 699 scripserunt
1352 646 1576 699 opinione
1607 646 1885 687 confirmare
1914 651 2091 701 poterat
2114 649 2240 701 (111116

188 726 380 776 ibidem,
402 739 447 779 p.
470 724 571 776 338,
595 736 727 765 num.
751 723 791 774 Δ,
818 727 862 764 et
888 722 1095 764 Caesarei
1116 722 1381 764 Fernandez
1407 722 1533 763 Duro
1556 737 1574 761 «
1590 722 1835 764 Memorias
1856 722 2103 764 historicas
2127 724 2241 765 dela

188 801 367 844 Ciudad
391 802 446 843 de
474 802 723 852 Zamora»,
750 804 782 842 t.
814 799 831 841 I
855 813 898 853 p.
933 798 1018 855 18).
1047 799 1180 850 Quod
1213 813 1322 840 sane
1352 799 1705 840 fraudulentum
1730 799 1887 840 uirum
1911 813 2006 841 non
2036 801 2237 841 denotat.

190 879 276 921 Sed
305 878 480 933 probus
503 882 547 920 et
574 879 755 931 integer
778 890 874 917 non
907 879 1029 917 totus
1053 889 1151 917 esse
1176 877 1342 931 potuit.
1371 876 1412 917 Is
1442 877 1569 917 enim
1598 877 1678 930 qui
1706 875 1941 917 Iulianum
1970 876 2104 917 illum
2134 877 2241 917 Dia-

188 969 362 999 conum
399 956 535 997 toties
575 955 702 1006 citat,
739 966 880 1008 quem
920 966 1059 994 nemo
1103 957 1261 1007 postea
1300 954 1504 1008 repperit
1542 966 1694 1007 neque
1732 956 1867 994 antea
1900 958 2119 1004 nouerat;
2163 955 2240 1008 qui

189 1034 414 1075 Berosum
439 1036 483 1074 et
513 1031 846 1072 Manethonem
876 1029 933 1070 ab
971 1030 1126 1071 Annio
1158 1030 1439 1071 viterbiensi
1471 1030 1604 1071 fictos
1636 1043 1732 1071 non
1768 1030 1911 1071 semel
1947 1030 2130 1083 allegat,
2165 1031 2241 1072 sed

188 1124 266 1152 eos
296 1114 479 1152 secutus
503 1121 649 1163 paene
671 1120 821 1148 unum
847 1120 900 1148 ex
924 1107 1135 1161 quinque
1172 1107 1304 1148 libris
1338 1107 1560 1148 historiae
1584 1120 1692 1148 suae
1716 1107 1997 1161 composuit,
2025 1121 2243 1161 quaerere

188 1188 297 1230 licet
317 1201 434 1228 num
458 1185 783 1227 testimonium
807 1184 1064 1225 latinorum
1096 1183 1591 1240 historicorum(haud
1616 1184 1929 1226 indubitabile
1954 1184 2164 1239 quidem)
2189 1184 2243 1225 dc

189 1265 325 1306 Vrbis
367 1265 504 1305 initio
533 1264 638 1304 ideo
676 1261 949 1316 neglexerit,
988 1265 1032 1302 et
1068 1261 1267 1303 eandem
1306 1261 1362 1304 ab
1402 1262 1622 1316 Hispanis
1657 1261 1896 1304 conditam
1931 1261 2241 1313 contenderit,

189 1342 315 1397 quod
340 1342 587 1383 ueritatem
611 1339 879 1394 simplicem
903 1339 1146 1383 amauerit.

277 1419 593 1471 Quamobrem
617 1419 674 1460 ab
708 1419 918 1460 Iohanne
950 1418 1133 1471 Aegidii
1171 1415 1542 1458 abiudicandum
1572 1429 1740 1458 censeo
1772 1415 1909 1456 illurn
1941 1415 1996 1456 de
2030 1416 2245 1470 Antiqui-

188 1497 360 1539 tatibus
384 1496 635 1550 Hispaniae
660 1510 860 1550 paruum
885 1499 1132 1537 tractatum
1151 1495 1207 1535 ab
1231 1495 1437 1548 Ocampo
1461 1494 1500 1535 ei
1527 1494 1837 1548 assignatum,
1857 1493 2007 1535 donec
2031 1505 2245 1547 compro-

188 1575 324 1616 betur
346 1573 403 1614 ab
424 1586 476 1614 eo
498 1574 726 1628 scriptum
752 1586 866 1615 esse.

278 1727 504 1769 Iohannis
536 1727 719 1781 Aegidii
758 1726 985 1781 quasdam
1016 1726 1292 1768 Additiones
1322 1725 1379 1767 ad
1409 1717 1581 1766 Iuliani
1613 1725 1733 1767 Petri
1765 1724 2028 1766 chronicon
2052 1724 2127 1780 (de
2151 1738 2244 1780 quo

187 1805 297 1846 uide
336 1805 453 1846 Bibl.
500 1805 623 1859 hisp.
658 1808 751 1846 uet,
785 1804 815 1845 1.
845 1804 940 1855 VII,
980 1817 1019 1845 c.
1052 1794 1084 1844 '8
1120 1808 1164 1845 et
1196 1803 1241 1858 9)
1269 1804 1501 1845 Thomam
1532 1803 1736 1857 Tamayo
1773 1802 1829 1844 de
1860 1802 2031 1856 Vargas
2061 1803 2109 1842 in
2140 1815 2245 1856 pro-

190 1882 299 1936 logo
329 1883 385 1923 ad
420 1883 596 1923 librum
628 1896 770 1938 quem
796 1896 882 1938 pro
907 1883 1069 1924 Flauio
1099 1882 1273 1924 Dextro
1302 1882 1450 1924 edidit
1477 1899 1494 1920 «
1522 1881 1791 1924 Novedades
1820 1882 2050 1935 antiguas,
2077 1885 2175 1922 esto
2199 1894 2244 1922 es

187 1959 378 2001 defensa
401 1959 457 2001 de
481 1960 523 2000 la
548 1960 761 2002 doctrina
785 1961 840 2002 de
864 1960 1025 2001 Flavio
1050 1960 1193 2001 Lucio
1219 1960 1388 2001 Dextro
1420 1976 1458 2011 ›>,
1488 1959 1701 2015 (Madrid,
1728 1958 2016 2012 MDCXXIV)
2040 1958 2241 2012 allegare

188 2041 319 2078 notat
357 2037 574 2078 Nicolaus
607 2038 814 2079 Antonio
850 2037 990 2091 (Bibl.
1027 2038 1151 2092 hisp.
1192 2041 1284 2079 uet.
1321 2037 1351 2078 1.
1387 2036 1464 2086 IX,
1498 2051 1544 2078 n.
1582 2036 1671 2091 26).
1708 2036 1795 2087 Qui
1828 2049 1883 2077 ex
1916 2035 1998 2076 illo
2034 2036 2244 2077 Thomae

188 2115 308 2155 libro
332 2115 587 2156 adductum
610 2128 710 2156 esse
741 2116 1007 2169 suspicatur
1038 2114 1354 2168 fragmentum
1378 2113 1505 2169 quod
1537 2114 1744 2155 Ramirez
1774 2114 1824 2154 in
1855 2127 1935 2154 sua
1962 2112 2238 2167 Luitprandi

187 2192 393 2234 editione
421 2192 590 2245 allegat
614 2192 743 2246 (uide
771 2207 815 2247 p.
844 2192 935 2247 49).
968 2192 1187 2233 Ceterum
1219 2191 1322 2233 illas
1355 2191 1632 2233 Additiones
1666 2192 1715 2232 in
1749 2191 1968 2233 Conchae
1998 2191 2130 2231 urbis
2154 2190 2247 2231 his-

189 2270 330 2311 10113Ι
363 2273 407 2310 et
440 2270 488 2309 in
518 2269 641 2310 libro
674 2286 691 2307 «
719 2269 840 2311 dela
864 2270 1143 2311 descension
1175 2269 1230 2310 de
1262 2273 1452 2310 nuestra
1483 2268 1656 2310 Seflora
1686 2282 1710 2308 a
1739 2267 1783 2309 la
1808 2268 1974 2310 Sancta
2002 2267 2166 2321 Iglesia
2191 2267 2246 2309 (16

189 2346 363 2388 Toledo
391 2362 408 2384 »
435 2345 650 2402 (Madrid,
684 2345 929 2395 MDCXVI)
968 2359 992 2387 a
1028 2346 1278 2387 Francisco
1309 2346 1635 2387 Portocarrero
1672 2346 1849 2400 scripto
1882 2343 2060 2385 laudari
2099 2343 2242 2385 addit.

278 2424 554 2465 Franciscus
604 2427 759 2465 autem
812 2423 1155 2474 Portocarrero,
1209 2424 1354 2464 homo
1404 2423 1622 2477 simplex,
1675 2422 1909 2477 quidquid
1958 2422 2245 2475 Hieronymo

189 2500 369 2543 Roman
403 2501 458 2542 de
491 2501 533 2541 la
566 2501 767 2554 Higuera
791 2500 947 2551 libuit,
984 2501 1221 2555 professus
1246 2504 1328 2542 est.
1361 2498 1497 2541 Solus
1526 2499 1648 2541 uidit
1674 2499 1751 2541 uel
1786 2499 1943 2554 potius
1976 2498 2137 2538 uidere
2168 2501 2246 2538 aut

187 2578 364 2619 uidisse
394 2592 440 2619 se
471 2577 671 2619 credidit
702 2577 806 2618 illas
832 2577 1126 2629 Additiones,
1154 2577 1281 2619 solus
1312 2577 1444 2618 illam
1467 2576 1720 2631 epistulam
1755 2589 1898 2631 quam
1923 2589 1947 2615 a
1976 2574 2154 2615 Thoma
2188 2574 2243 2615 de

189 2655 408 2697 Torralba
448 2668 573 2696 anno
607 2655 835 2696 MDXCIV
876 2669 982 2696 cum
1023 2656 1274 2696 Chronicis
1310 2654 1471 2696 Dextri
1510 2658 1554 2696 et
1591 2654 1781 2695 Maximi
1816 2657 1859 2695 et
1891 2651 2170 2706 Luitprandi
2202 2656 2246 2692 et

190 2733 361 2774 Iuliani
396 2732 529 2774 Perez
568 2733 763 2774 missam
803 2732 892 2773 sibi
930 2746 1028 2774 esse
1073 2733 1209 2773 finxit
1248 2732 1564 2786 Hieronymus
1597 2731 1724 2786 (uide
1762 2747 1779 2769 «
1812 2730 1927 2771 vida
1966 2730 2021 2770 de
2060 2728 2242 2769 Nicolas

190 2811 396 2852 Antonio
424 2826 441 2848 »
464 2817 482 2857 ς
505 2810 576 2861 38,
603 2814 646 2852 et
673 2826 690 2848 «
715 2810 919 2851 Historia
944 2810 999 2851 de
1022 2810 1091 2851 los
1116 2809 1274 2851 Falsos
1297 2810 1577 2851 cronicones
1604 2825 1620 2847 n
1644 2822 1689 2863 p.
1719 2806 1839 2864 218).

276 2887 482 2929 Thomae
526 2900 637 2929 uero
686 2887 889 2941 Tamayo
932 2887 1081 2941 ipsius
1132 2886 1386 2941 epistulam
1430 2887 1564 2928 cuius
1615 2889 1794 2941 partem
1838 2885 1932 2925 iam
1979 2883 2241 2925 rettulimus

189 2963 252 3019 (p.
294 2964 379 3020 13),
406 2964 516 3005 satis
545 2963 698 3018 lepide
732 2964 948 3006 Nicolaus
982 2965 1188 3006 Antonio
1223 2964 1420 3018 profert3
1463 2976 1606 3018 quam
1645 2976 1772 3004 nunc
1806 2961 2065 3003 exscribere
2094 2961 2242 3013 inagis

189 3023 428 3082 extensam
452 3054 547 3082 non
572 3041 781 3082 alienum
806 3042 892 3082 erit
919 3055 926 3082 ι
958 3058 975 3079 «
1003 3041 1086 3082 Las
1111 3045 1244 3082 notas
1268 3054 1357 3096 que
1380 3040 1427 3080 F.
1453 3040 1574 3080 Juan
1600 3040 1674 3081 Gil
1701 3039 1756 3081 de
1780 3039 1971 3080 Zamora
1995 3038 2129 3078 dicen
2154 3050 2241 3090 quc

191 3118 298 3169 hico
317 3117 360 3158 al
383 3117 610 3159 chronico
641 3118 696 3159 de
724 3118 931 3170 Juliano,
963 3123 1087 3159 tcmo
1111 3131 1172 3159 no
1198 3132 1306 3160 sean
1335 3119 1506 3160 ficcion
1530 3117 1604 3158 (161
1627 3130 1717 3172 que
1740 3117 1881 3158 metio
1908 3128 2005 3156 mas
2031 3114 2071 3154 la
2102 3127 2240 3154 mano

191 3208 247 3237 en
276 3194 467 3235 Juliano
491 3194 547 3235 de
577 3194 622 3235 10
648 3208 737 3248 que
762 3195 1009 3247 convenia,
1039 3196 1051 3235 i
1077 3209 1134 3236 en
1159 3195 1347 3247 Dextro,
1374 3195 1528 3236 Marco
1555 3194 1757 3235 Maximo
1784 3194 1796 3234 i
1821 3192 2107 3246 Luitprando
2134 3191 2240 3240 hig-o

190 3275 290 3313 arto
313 3271 436 3312 dasio
460 3284 514 3312 su
537 3271 638 3313 solo
662 3275 798 3313 tacto.
826 3271 885 3313 La
909 3271 1082 3313 verdad
1106 3285 1153 3313 es
1178 3285 1322 3326 que...
1350 3272 1477 3325 (uide
1500 3285 1543 3325 p.
1578 3270 1701 3325 13)...
1729 3283 1785 3311 611
1811 3282 1975 3310 manos
2004 3269 2057 3309 dc
2088 3267 2236 3308 todos.

191 3361 302 3404 pero
326 3361 481 3390 nunca
506 3361 529 3390 e
552 3349 674 3390 visto
707 3353 826 3390 estas
859 3352 992 3390 notas
1016 3362 1040 3389 a
1065 3348 1262 3391 Iuliano.
1301 3349 1354 3391 Se
1382 3361 1472 3403 que
1504 3348 1546 3389 61
1580 3347 1723 3389 Padre
1756 3348 2079 3388 Portocarrero
2112 3344 2165 3385 dc
2200 3343 2240 3384 la

276 3543 301 3561 1.
327 3532 408 3562 Tres
419 3531 591 3561 Historiae
605 3531 814 3561 Conchcnsis
829 3532 926 3561 urbis
943 3532 1007 3560 in«
1022 3531 1136 3561 Indice
1153 3532 1408 3561 materiarum»
1422 3530 1652 3560 Bibliothecae
1671 3530 1833 3568 hispanae
1846 3536 1954 3558 nouae
1964 3526 2217 3556 enumerantur
2231 3533 2237 3553 ε

192 3588 261 3609 una
278 3579 320 3609 ab
337 3579 520 3609 Eustachio
537 3579 659 3608 Mui‘ioz
675 3579 705 3616 («
725 3579 874 3608 Historia
891 3579 932 3608 de
950 3579 981 3608 la
997 3579 1122 3608 ciudad
1138 3579 1180 3608 de
1197 3579 1333 3609 Cuenca
1351 3579 1399 3615 »);
1424 3578 1490 3607 alia
1513 3578 1555 3607 ab
1577 3578 1729 3606 Iohanne
1751 3576 1856 3606 Paulo
1875 3576 2000 3612 Martyr
2018 3575 2095 3603 llizo
2117 3573 2147 3609 (a
2168 3573 2241 3600 llis-

192 3627 279 3657 toria
304 3626 346 3656 de
369 3626 401 3656 la
425 3635 511 3664 muy
528 3625 633 3656 noble
649 3636 668 3664 y
686 3626 751 3656 1631
768 3626 894 3656 6111(13(1
917 3627 959 3655 (16
982 3625 1116 3655 Cuenca
1134 3636 1150 3653 ι)
1171 3626 1369 3655 MDCXXIX
1389 3628 1412 3664 ),
1431 3626 1495 3655 alia
1519 3625 1561 3654 ab
1584 3625 1795 3661 Ilicronym)
1821 3621 1951 3652 Roman
1975 3621 2015 3651 de
2039 3621 2068 3649 13
2088 3620 2237 3657 iliguera

191 3674 383 3712 conscripta
398 3673 430 3712 («
449 3674 598 3703 Historia
612 3674 654 3703 de
671 3674 703 3703 la
719 3673 846 3703 ciudad
862 3674 905 3703 de
921 3672 1055 3704 Cuenca
1070 3674 1122 3709 »):
1142 3673 1183 3702 de
1200 3673 1261 3702 hac
1279 3675 1451 3710 postrema
1471 3673 1526 3709 agi
1544 3672 1709 3709 smpicor.
