2912 4368
386 327 435 367 6ss
972 327 1022 361 Qx
1027 327 1069 352 11)
1099 324 1150 350 ax
1180 321 1305 348 ΤΕετι
1341 319 1404 345 us
1436 316 1548 344 sous
1577 310 1840 342 COLLIGATvn

387 431 536 483 Quare
568 426 731 469 dubito
765 437 822 465 an
856 418 1119 476 quidquam
1152 413 1283 455 aliud
1343 425 1367 452 a
1397 409 1453 450 ab
1478 420 1533 450 eo
1557 409 1602 449 et
1627 418 1653 447 a
1675 403 1839 446 Florez
1867 373 2122 458 decantata
2143 405 2249 455 Adu

389 522 484 550 non
511 506 683 548 fueiint
705 514 846 557 quam
872 500 973 554 ipse
997 496 1133 537 Liber
1156 493 1210 535 de
1235 492 1303 533 Pr:
1347 488 1472 531 oniis
1500 483 1775 540 Hispaniae.
1799 481 1956 525 «Sunt
1977 464 2151 546 autem
2147 466 2244 554 ad)

387 585 587 629 liturarii
614 582 761 624 libelli
786 580 884 621 sive
908 572 1183 619 tumultun
1176 584 1243 612 iae
1267 583 1307 623 q
1341 567 1400 609 tid
1391 579 1465 607 im
1489 562 1695 615 tabulae,
1713 573 1836 618 quae
1853 564 1962 603 ante
1979 543 2167 610 cod-icis
2171 551 2311 633 conse

390 677 499 706 nem
531 659 959 717 peiwsciibebantur,
994 666 1051 695 nc
1085 649 1298 693 memori
1342 657 1465 687 ium
1498 640 1752 694 excideret,
1787 643 1841 682 ut
1871 652 1930 682 ex
1955 639 2018 683 i-is
2048 630 2212 698 postea
2241 640 2352 690 tabu

384 744 554 798 juslffiic
591 744 634 781 et
668 741 881 779 aeternae
920 735 1097 774 fierent
1119 741 1126 758 ¹
1159 744 1174 767 ι)
1216 728 1276 769 Ga
1285 726 1295 766 l
1341 737 1359 765 3
1395 738 1414 763 (ι
1436 719 1681 763 brouillon
1705 735 1725 759 »
1759 717 1840 761 uel
1872 717 2078 775 hispane
2114 709 2312 766 aborta·

391 820 536 861 dicas
572 817 653 858 ΙΙΙιι
686 816 741 857 de
773 812 997 867 antiquis
1042 807 1165 860 Quid
1199 806 1299 847 eius
1341 816 1380 843 n
1417 798 1643 842 uocabuli
1683 810 1852 840 sensus
1885 796 2030 840 fuer-it
2065 796 2207 842 XVII·
2241 812 2316 847 sae

392 902 495 953 post
519 898 569 938 C.
615 895 792 949 optime
834 891 943 932 licet
979 897 1261 942 cognoscere
1297 898 1305 921 ι
1349 893 1403 923 co
1436 877 1567 934 quod
1598 878 1727 919 inter
1756 879 1974 918 auctores
2002 889 2115 919 suos
2135 876 2316 925 Marian

393 976 599 1017 editione
636 972 778 1013 latina
813 981 920 1010 suae
955 965 1186 1007 Historiae
1222 975 1309 1002 ani
1342 956 1505 1000 ‚VIDCV
1539 955 1722 998 indicat
1756 969 1777 995 α
1798 954 1996 1007 Ioannis
2017 953 2252 1011 Baptistae
2273 957 2311 1000 P¹

394 1052 611 1108 Episcopi
639 1047 962 1103 Segorbicnsis
987 1041 1253 1085 aduersaria
1276 1056 1310 1078 ι),
1341 1043 1353 1079 t
1381 1036 1546 1079 cadem
1570 1035 1622 1076 in
1651 1033 1866 1077 editione
1894 1033 2100 1089 hispana
2125 1047 2253 1077 anno
2281 1035 2324 1079 M

399 1150 415 1169 ιι
438 1131 558 1172 Juan
583 1129 785 1170 Bautista
810 1125 944 1166 Perez
968 1122 1136 1175 obispo
1155 1119 1210 1160 de
1231 1118 1310 1171 Seg
1345 1128 1402 1157 ue
1415 1127 1493 1157 sus
1506 1112 1697 1169 papeles
1716 1128 1754 1154 ιι.
1771 1110 2058 1154 Aduersaria
2075 1125 2187 1171 ergo
2204 1112 2316 1170 Ioha

395 1211 450 1251 de
488 1209 693 1251 Mariana
731 1208 873 1246 aetate
918 1200 1185 1256 «paplers»
1234 1196 1307 1238 uel
1368 1197 1545 1236 notes»
1595 1191 1953 1247 significabant.
2000 1190 2197 1236 Locum:
2215 1197 2310 1243 cert

396 1288 601 1330 Antonio
627 1283 958 1337 transcriptum
984 1278 1123 1320 habet
1147 1276 1293 1318 codex
1341 1272 1601 1315 :ademicus
1626 1271 1678 1312 in
1702 1270 1939 1325 margine.
1966 1269 2127 1312 Potuit
2143 1268 2259 1326 ergo
2280 1285 2311 1328 p

396 1366 503 1407 dere
535 1364 709 1418 Gaspar
738 1361 774 1403 si
808 1360 964 1401 minus
999 1356 1306 1409 archetypum
1342 1351 1446 1393 ,ibri
1478 1350 1535 1393 de
1568 1349 1842 1392 Praeconiis
1880 1347 2138 1405 Hispaniae
2167 1361 2194 1390 a
2224 1347 2381 1396 Iohaa‘
2459 1405 2462 1410 Ι

397 1446 652 1492 exaratum,
679 1444 723 1481 at
750 1435 1059 1493 apographon
1091 1446 1199 1475 cum
1234 1436 1308 1473 nol
1355 1434 1400 1472 et
1430 1428 1790 1482 additamentis,
1825 1427 2008 1471 codicis
2036 1430 2239 1473 Parisini
2271 1440 2380 1479 mos
2484 1419 2487 1460 ἶ

398 1523 447 1562 in
470 1533 564 1576 quo
589 1520 709 1561 sicut
728 1518 776 1558 in
803 1514 964 1558 codice
988 1512 1269 1555 Academico
1300 1525 1309 1561 ι
1341 1522 1425 1551 ires
1459 1508 1590 1550 locos
1621 1507 1672 1549 in
1701 1508 1924 1563 margine
1956 1509 2158 1566 scriptos
2184 1510 2287 1553 iam'
2307 1508 2374 1573 nuj

396 1600 554 1641 uimus
593 1597 717 1653 (uide
759 1610 804 1650 p.
843 1608 888 1635 21
928 1596 971 1635 et
1002 1597 1090 1647 27).
1132 1590 1233 1631 Non
1279 1604 1298 1629 ιι
1343 1601 1402 1629 cm
1446 1588 1609 1642 ipsum
1653 1585 1872 1630 codicem
1915 1587 2256 1632 Academicum
2294 1590 2449 1639 ι

397 1676 659 1719 existimare
683 1673 791 1715 licet
812 1672 891 1713 illa
913 1670 1208 1713 Aduersaria,
1231 1682 1306 1723 qu(
1343 1665 1508 1709 [bafiez
1530 1665 1758 1722 possedit,
1781 1667 2016 1722 quoniam
2039 1671 2195 1711 sextus
2216 1667 2372 1717 tracta.

400 1756 447 1796 in
473 1754 625 1809 plures
652 1755 871 1793 tractatus
902 1749 1114 1791 diuisum
1143 1760 1261 1801 opus
1293 1747 1302 1786 i
1350 1746 1465 1787 icat:
1498 1743 1629 1801 quod
1658 1757 1771 1787 cum
1800 1744 1984 1788 codicis
2012 1745 2213 1790 alicuius
2234 1746 2374 1792 Libri,

399 1832 664 1874 Praeconiis
698 1829 950 1885 Hispaniae
987 1826 1138 1880 magis
1177 1838 1305 1881 quan
1341 1824 1453 1866 ,ibri
1485 1822 1543 1866 de
1576 1823 1852 1867 Praeconiis
1891 1824 2101 1869 ciuitatis
2129 1827 2486 1887 numantin„,2.„‚

399 1911 677 1954 condicione
702 1908 945 1964 aptissime
968 1906 1205 1961 congruit.
2323 1908 2327 1914 ·

487 2068 519 2110 E
544 2067 737 2109 Summa
759 2065 985 2108 Iohannis
1010 2063 1212 2106 alicuius
1236 2062 1309 2105 loc
1347 2062 1385 2104 si
1418 2061 1582 2104 minus
1606 2061 1755 2105 uerba
1784 2061 1890 2118 ipsa
1916 2060 2050 2121 (nam
2079 2062 2260 2107 librum
2280 2063 2386 2120 ipsu

400 2160 496 2190 non
534 2145 769 2200 habebat),
805 2149 851 2186 at
888 2157 1081 2186 sensum
1120 2143 1290 2184 referre
1341 2141 1568 2184 »hannem
1607 2141 1665 2184 de
1700 2140 2033 2198 Torquemada
2068 2142 2281 2185 uidimus
2308 2155 2378 2203 p
2457 2131 2473 2146 ¹

400 2226 471 2266 An
493 2224 655 2267 eadem
679 2224 738 2265 sit
759 2236 811 2264 ac
836 2223 971 2265 Liber
993 2222 1048 2264 de
1073 2220 1271 2263 Casibus
1297 2238 1305 2260 ι
1342 2221 1585 2264 iscientiae
1608 2233 1772 2277 quem,
1799 2221 1851 2263 in
1880 2235 1901 2262 α
1919 2220 2088 2269 Teatro
2107 2220 2390 2273 eclesiastica

399 2302 523 2357 (uide
562 2316 607 2357 p.
652 2300 720 2358 14)
760 2300 886 2344 solus
930 2300 1157 2355 Aegidius
1191 2300 1312 2341 Gom
1340 2313 1385 2342 3Ζ
1428 2303 1681 2353 memorat,
1725 2299 1950 2343 Nicolaus
1991 2299 2203 2344 Antonio
2241 2297 2385 2343 dubi-2
2465 2311 2474 2326 *

401 2381 628 2437 Equidem
661 2382 698 2422 si
731 2394 822 2435 qua
850 2384 917 2422 est
948 2379 1004 2421 de
1037 2393 1087 2421 ea
1120 2392 1168 2421 1e
1198 2384 1303 2420 cont
1341 2380 1510 2433 uersia,
1537 2392 1594 2422 eo
1633 2379 1797 2422 minus
1834 2392 1940 2423 eam
1982 2377 2292 2436 disceptare
2285 2370 2498 2441 ιιι]

402 2459 526 2515 quod
562 2460 618 2501 ad
656 2459 905 2501 historiam
944 2472 1084 2514 nequ
1076 2472 1182 2513 iqu
1172 2472 1247 2499 im
1288 2471 1313 2515 1
1343 2459 1474 2501 tinet.
1519 2457 1609 2501 Sed
1645 2457 1802 2501 multo
1829 2457 1993 2516 plures
2024 2457 2254 2502 Iohannis
2288 2440 2488 2515 tome

402 2538 632 2581 exstitisse
665 2551 806 2593 quam
844 2537 951 2579 illos
989 2541 1167 2592 septem
1202 2537 1309 2579 deca
1342 2541 1441 2580 atos
1477 2538 1654 2580 iterum
1694 2537 1809 2581 inde
1851 2537 2018 2593 colligi
2052 2540 2194 2595 posse
2213 2536 2434 2604 3ηὶιιι3ιζ

402 2620 601 2659 uertam.
2242 2609 2246 2612 .
2315 2615 2318 2620 ’

493 2694 627 2746 Quod
650 2695 790 2737 etiam
823 2699 947 2750 patet
975 2709 1029 2737 ex
1062 2708 1116 2737 eo
1141 2696 1268 2751 quod
1303 2708 1309 2740 ι
1370 2696 1466 2737 iam
1496 2695 1597 2738 dixi
1621 2710 1670 2752 p.
1702 2695 1776 2755 15)
1803 2697 1856 2739 in
1882 2710 1904 2740 <t
1931 2696 2140 2740 Historia
2161 2694 2238 2739 del
2263 2685 2381 2745 cole,

404 2773 528 2828 viejo
552 2773 607 2816 de
633 2773 676 2816 S.
704 2772 1004 2815 Bartholome
1030 2788 1193 2829 mayor
1217 2774 1272 2816 de
1297 2775 1306 2815 l
1344 2773 1511 2817 elebre
1536 2774 1860 2818 Universidad
1879 2774 1937 2818 de
1960 2774 2235 2818 Salamanca
2253 2789 2292 2828 ι),
2314 2785 2380 2834 pe.
2458 2827 2464 2842 λ

405 2850 625 2903 secunda,
669 2852 805 2894 tertio
844 2855 989 2907 tomo,
1025 2866 1068 2906 p.
1118 2852 1220 2903 δίῃ,
1266 2854 1311 2893 in
1347 2867 1356 2875 ¹
1396 2852 1547 2896 libros
1592 2853 1726 2897 illius
1779 2853 2099 2898 bibliothecae
2145 2865 2408 2896 nume

409 2945 427 2967 «
450 2929 741 2972 Zamorensis
765 2929 976 2985 Egidius‚
1003 2931 1259 2984 Rectorica,
1288 2946 1304 2971 x
1344 2967 1347 2970 .
1382 2947 1395 2974 1
1427 2949 1466 2974 ».
2264 2941 2268 2944 '
2443 2907 2450 2918 ᾗ

495 3085 595 3127 Una
648 3101 757 3129 cum
810 3087 1047 3130 Chronico
1093 3089 1305 3131 cuiusdai
1366 3089 1539 3133 Iuliani
1601 3090 1755 3135 Lucae
1808 3090 2036 3135 Diaconi²
2087 3090 2380 3135 tractatum
2397 3136 2417 3146 Ἰ

405 3164 779 3219 Antiquitatibus
821 3166 1073 3221 Hispaniae
1112 3168 1169 3209 ab
1211 3167 1305 3210 Ioh
1346 3183 1390 3211 ie
1434 3170 1626 3225 Aegidii
1670 3170 1841 3228 lingua
1883 3170 2093 3214 lusitana
2129 3152 2360 3224 compositi
2474 3155 2479 3163 ¹

408 3241 653 3285 Florianus
676 3243 735 3286 do
766 3244 943 3300 Campo
967 3246 1017 3287 in
1048 3246 1283 3289 Coronica
1343 3248 1467 3291 aeral
1492 3249 1549 3293 de
1576 3249 1763 3306 Espana
1782 3253 1856 3294 ter
1883 3240 2131 3293 memorat.
2157 3238 2316 3290 Primii

408 3320 552 3362 Roma
580 3320 636 3363 ab
667 3322 905 3378 Hispanis,
938 3325 1019 3380 qui
1051 3324 1290 3368 Atlantem
1343 3327 1460 3370 ilum
1490 3329 1707 3372 comitati
1738 3332 1914 3383 essent,
1945 3315 2156 3371 condita.
2180 3324 2328 3368 Seeun

407 3398 464 3441 de
498 3400 806 3456 antiquorum
838 3402 1160 3458 Hispanorum
1192 3405 1311 3460 relig
1340 3406 1479 3450 stibus
1517 3411 1563 3451 et
1593 3407 1920 3451 caerimoniis
1961 3392 2174 3466 Tertium
2201 3394 2240 3459 'd

408 3476 465 3518 ab
495 3475 718 3532 Hispanis
747 3480 804 3522 ad
840 3480 1163 3525 Alexandrum
1199 3485 1314 3527 miss
1348 3484 1479 3541 (uide
1514 3487 1836 3543 appendicem
1865 3485 1972 3541 A)3.
2003 3481 2244 3540 Nicolausf

2190 3565 2210 3593 ;’
2227 3568 2238 3594 ,ι’

496 3626 523 3645 1.
548 3616 734 3647 Forcellini
752 3618 899 3649 Lexieon
916 3619 953 3649 in
970 3620 1032 3650 hae
1049 3630 1147 3652 uoce.

493 3674 521 3693 2.
554 3664 603 3695 De
628 3675 700 3704 quo
726 3667 809 3697 uide
837 3676 959 3698 meum
984 3678 1072 3707 opus
1089 3671 1180 3701 «Les
1207 3671 1341 3702 Histoi
1357 3670 1540 3710 generales
1565 3673 1763 3714 d’Espagne
1787 3675 1889 3706 entre
1904 3666 2083 3714 Alpheum
2094 3662 2242 3717 X‘ffi.
2261 3647 2267 3650 -

412 3713 2195 3753 p.124-127.·
2227 3730 2230 3735 ·

494 3760 522 3789 3
540 3761 689 3791 lextum
715 3771 808 3794 anno
840 3763 1009 3796 MDXLIll
1036 3766 1215 3797 editum>
1202 3769 1498 3808 sequoiiudicatis
1522 3770 1610 3802 locis
1640 3770 1703 3802 uel
1731 3771 1854 3802 uerbis
1877 3777 1972 3812 quae
2000 3750 2043 3813 13⁵

410 3806 561 3837 editione
577 3817 683 3846 quam
699 3812 837 3842 curauit
853 3813 944 3843 Cano
955 3813 1014 3853 (de
1030 3824 1101 3853 qua
1117 3816 1199 3846 uide
1218 3826 1232 3845 ι(
1248 3817 1329 3847 llisl
1331 3825 1382 3848 :es
1397 3816 1579 3857 generales
1590 3819 1625 3850 d’
1629 3819 1796 3860 Espagno.
1799 3827 1830 3860 2,
1843 3827 1879 3859 p.
1895 3812 2026 3860 παύω

1979 3895 2024 3930 *ζῷ’
2047 3894 2102 3919 ⁴7⁴³

1988 3934 2023 3945 :—

1980 3950 2008 3974 ‚N
