2405 4009
742 219 933 245 HISTORIA
962 219 1163 246 CANONICA
1194 221 1243 246 ET
1272 221 1456 247 LEGENDA
1488 222 1729 249 sxxCTOval
2209 216 2258 266 57

212 305 286 346 SS.
324 318 408 360 per
440 305 667 348 Ordinem
700 305 936 360 alphabeti
975 321 1118 362 quam
1156 307 1392 350 Iohannes
1429 309 1484 350 de
1514 310 1603 350 San
1646 311 1849 352 ,xntonio
1889 312 1935 352 in
1978 313 2261 357 bibliotheca

210 381 436 424 Iohannis
466 382 652 425 Manuel
682 383 876 437 Pantoja
909 384 957 425 in
986 384 1102 425 urbe
1129 384 1317 426 Cabai‘ia
1351 385 1470 425 uidit
1495 385 1572 439 (scs.
1607 400 1763 440 supra,
1801 401 1845 441 p.
1886 388 1971 443 15).
2007 389 2259 431 Exordium

209 462 307 500 erat
338 473 346 499 :
381 474 399 497 «
427 459 678 501 Almissuus
718 460 893 502 aeterni
937 460 1082 501 Patris
1121 460 1302 502 filius...
1341 477 1357 497 η
1392 460 1518 515 quod
1558 462 1717 503 nescio
1755 477 1813 503 an
1858 464 1995 505 fucrit
2033 466 2261 519 quaedam

213 536 401 577 «oratio
425 535 698 590 proemialis
726 550 774 587 »;
808 550 918 578 nam
943 536 1169 591 quoniam
1201 550 1225 577 a
1258 536 1413 578 littera
1444 538 1477 577 A
1512 537 1703 578 initium
1738 539 1836 579 eius
1869 540 2070 585 ducitur.
2098 542 2261 583 codem

208 611 364 653 officio
394 613 529 665 fungi
558 613 746 654 uidetur
775 616 913 666 atque
939 628 957 651 α
985 612 1221 654 orationes
1250 612 1324 654 uel
1359 613 1688 654 meditationes
1720 616 1996 668 proemiales
2028 637 2042 652 ι»
2072 631 2188 671 quae
2214 619 2260 658 in

209 688 345 730 Libro
372 688 630 730 illustrium
660 702 970 743 personarum
994 693 1038 730 et
1067 689 1116 729 in
1149 689 1356 730 Archino
1390 689 1590 742 singulis
1624 690 1789 732 litteris
1821 692 2110 745 praepositae
2136 698 2258 734 sunt.

208 765 402 807 Litterae
440 769 596 807 autem
637 766 671 807 A
706 765 855 807 oratio
894 766 1085 819 propria
1118 778 1270 819 neque
1309 765 1435 807 Libri
1468 766 1726 807 illustrium
1760 780 2068 820 personarum
2112 782 2261 822 neque

208 842 437 883 Historiae
461 842 688 883 naturalis
711 842 976 897 praeposita
993 846 1077 893 est,
1098 846 1142 883 et
1159 855 1268 883 cum
1289 855 1371 883 sua
1394 843 1605 885 oratione
1630 846 1723 885 tota
1748 843 1898 885 littera
1924 845 1956 884 A
1982 844 2029 884 in
2056 845 2261 885 Archiuo

208 919 378 961 deficit.
411 919 625 961 Forsitan
648 933 743 960 una
766 919 907 960 fuerit
929 922 1132 973 quatuor
1154 918 1248 960 illis
1272 920 1493 973 operibus
1517 920 1565 960 in
1585 919 1738 962 littera
1762 921 1793 960 A
1821 924 1864 961 et
1888 921 1998 961 item
2023 921 2070 961 in
2102 922 2263 962 ceteris

207 996 390 1048 litteris,
427 996 831 1051 quemadmodum
870 1008 1016 1036 unam
1050 1008 1148 1037 esse
1181 995 1319 1036 Libro
1353 995 1611 1038 illustrium
1645 1010 1950 1051 personarum
1986 1001 2028 1038 et
2058 997 2261 1038 Archiuo

207 1073 256 1114 in
286 1073 488 1127 singulis
517 1072 682 1114 litteris
711 1073 806 1114 iam
834 1072 1063 1113 uidimus.

294 1151 352 1192 At
380 1163 478 1191 rem
511 1150 794 1204 ampliorem
825 1163 968 1204 quam
997 1148 1249 1203 legendam
1281 1153 1570 1201 sanctorum,
1602 1154 1646 1191 et
1673 1164 1902 1205 paparum
1927 1164 2115 1205 quoque
2141 1152 2261 1205 epis-

205 1239 529 1282 coporumque
547 1227 782 1268 clarorum
809 1227 947 1278 uitas,
970 1225 1281 1268 conciliorum
1306 1226 1499 1268 fortasse
1523 1228 1804 1269 memoriam
1835 1228 2264 1282 comprehendebat

205 1318 315 1346 sane
347 1305 549 1346 Historia
577 1304 821 1346 canonica.
855 1303 1005 1355 Quare
1036 1303 1291 1344 Historiam
1315 1304 1595 1345 canonicam
1625 1304 1700 1345 uel
1732 1304 2095 1346 ecclesiasticam
2122 1305 2262 1346 fuisse

204 1381 334 1423 illam
387 1381 654 1436 Legendam
697 1394 795 1423 non
840 1384 1033 1422 constat.
1078 1381 1234 1422 Potuit
1272 1384 1429 1422 tamen
1476 1381 1566 1422 San
1610 1382 1816 1423 Antonio
1865 1381 2101 1436 perlegere
2143 1382 2260 1422 illud

204 1459 584 1513 manuscriptum
613 1462 658 1500 et
689 1462 873 1500 tantum
906 1458 1032 1499 Vitas
1071 1462 1343 1499 sanctorum
1379 1458 1768 1500 animaduertere.
1803 1459 1957 1500 Potuit
1988 1459 2128 1500 etiam
2164 1471 2258 1499 non

204 1535 420 1577 inuenire
443 1536 634 1577 titulum
666 1536 822 1590 operis
850 1539 895 1577 et
923 1535 1059 1576 illum
1089 1535 1306 1586 scribere,
1334 1548 1475 1590 quem
1508 1536 1711 1577 maxime
1738 1536 1986 1590 proprium
2018 1535 2259 1578 iudicaret.

205 1612 422 1655 Ceterum
456 1613 589 1654 illam
623 1612 874 1667 legendam
908 1617 1134 1668 tanquam
1165 1611 1355 1653 Librum
1387 1612 1648 1654 illustrium
1681 1626 1991 1667 personarum
2030 1616 2072 1654 et
2111 1613 2261 1655 Histo—

202 1690 321 1731 riam
351 1689 615 1731 naturalem
647 1690 742 1731 iam
773 1690 937 1731 saltem
968 1690 1017 1730 in
1043 1691 1249 1733 Archino
1273 1691 1556 1733 delineatam
1581 1693 1625 1732 et
1647 1690 1789 1731 uariis
1809 1690 1945 1731 rebus
1971 1690 2184 1742 mixtam,
2211 1690 2258 1731 in

200 1766 323 1808 libro
348 1770 503 1808 autem
528 1767 630 1821 ipso
655 1765 918 1808 Illustrium
942 1780 1252 1821 personarum
1277 1768 1410 1823 quasi
1433 1767 1688 1821 perfectam
1712 1771 1756 1809 et
1782 1767 2013 1821 integram
2037 1767 2255 1821 reperias.

291 1844 359 1885 Ab
383 1844 579 1898 Aegidio
603 1843 844 1895 GonzaleZ,
872 1845 952 1899 qui
977 1857 1080 1886 eam
1105 1845 1215 1887 citat
1234 1846 1283 1886 in
1311 1860 1330 1885 «
1356 1845 1555 1886 Theatro
1580 1843 1867 1886 eclesiastico
1885 1860 1903 1883 >w
1931 1843 1997 1898 (p.
2033 1844 2102 1898 24)
2131 1848 2175 1885 et
2202 1844 2258 1885 ab

202 1920 492 1975 Hieronymo
525 1920 706 1963 Roman
736 1921 791 1962 de
826 1921 867 1963 la
899 1922 1119 1975 Higuera,
1152 1923 1233 1977 qui
1263 1936 1365 1964 eam
1396 1925 1628 1963 memorat
1662 1922 1711 1962 in
1742 1921 1866 1963 notis
1895 1921 1950 1962 ad
1985 1921 2256 1962 Chronicon

200 1997 475 2053 Luitprandi
494 1998 551 2040 ad
569 2012 749 2040 annum
768 1998 1084 2049 DCCXLVIIL
1110 1999 1260 2041 Vitam
1287 2000 1329 2040 S.
1358 1998 1534 2040 Nicolai
1560 1999 1777 2053 martyris
1802 1999 1900 2040 siue
1924 1998 2077 2039 Vitam
2102 1998 2257 2039 Sancti

200 2075 428 2118 Leonardi
466 2080 510 2118 et
546 2076 791 2131 utriusque
831 2076 1007 2118 Nicolai
1047 2077 1265 2118 Bletissae
1305 2078 1405 2118 siue
1444 2076 1688 2118 Ledesmae
1731 2075 1894 2130 oppidi
1936 2079 2194 2129 martyrum
2234 2088 2258 2117 a

200 2155 410 2197 Iohanne
438 2154 661 2208 scriptam
691 2167 790 2195 esse
820 2154 996 2208 accepit
1024 2154 1240 2195 Nicolaus
1269 2154 1475 2195 Antonio
1497 2152 1638 2208 (Bibl.
1665 2153 1765 2207 hip.
1796 2156 1887 2193 uet.
1916 2152 1946 2192 l.
1982 2151 2055 2203 IX,
2090 2159 2138 2191 n⁰
2168 2152 2253 2208 19).

199 2232 414 2275 Meminit
441 2236 595 2273 autem
625 2231 781 2273 Florez
815 2229 941 2286 (Esp.
978 2244 1119 2285 sagn,
1155 2235 1187 2272 t.
1227 2231 1342 2282 XIV,
1379 2244 1424 2285 p.
1464 2233 1568 2286 295;
1599 2238 1638 2271 2⁸
1670 2230 1762 2281 ed„
1798 2243 1843 2284 p.
1876 2230 1978 2282 306)
2011 2228 2255 2270 cuiusdam

199 2309 408 2364 episcopi
451 2309 736 2350 zamorensis
774 2308 872 2363 qui,
913 2312 964 2350 ut
1001 2308 1050 2349 in
1090 2308 1420 2363 Martyrologio
1460 2321 1544 2349 suo
1587 2307 1738 2362 pridie
1776 2306 2008 2348 Kalendas
2046 2306 2257 2347 octobres

199 2387 435 2429 Iohannes
467 2386 672 2440 Tamayo
696 2386 751 2427 de
776 2385 957 2427 Salazar
985 2390 1159 2437 narrat,
1186 2387 1389 2440 reperire
1423 2389 1522 2427 acta
1547 2385 1595 2425 in
1618 2384 1751 2425 libris
1774 2384 1867 2425 illis
1891 2383 2116 2425 Iohannis
2139 2396 2256 2436 quae

199 2464 247 2504 in
286 2463 573 2505 monasterio
611 2463 873 2504 zamorensi
911 2466 1059 2513 erant,
1096 2463 1325 2517 nequiuit.
1368 2462 1428 2503 Ea
1462 2462 1697 2504 tamenin
1727 2460 1976 2515 praedictis
2015 2459 2256 2501 codicibus

198 2541 564 2583 inueniebantur
590 2555 597 2581 :
626 2553 831 2594 quorum
861 2540 1168 2594 apographon
1201 2540 1289 2581 sibi
1320 2540 1549 2594 scriptum
1584 2538 1740 2579 Florez
1769 2538 1985 2588 habebat,
2019 2535 2252 2587 uidelicet,

197 2621 249 2659 ut
284 2618 471 2672 opinor,
509 2617 559 2658 in
598 2617 758 2659 codice
796 2616 888 2668 Md,
924 2630 1035 2658 nam
1075 2617 1124 2657 in
1165 2617 1300 2658 Libro
1338 2616 1597 2658 illustrium
1636 2628 1947 2670 personarum
1986 2614 2072 2655 sub
2109 2613 2253 2654 uerbo

201 2705 221 2731 «
242 2692 459 2734 Nicolaus
475 2706 516 2744 »,
543 2696 594 2734 ut
616 2692 679 2734 ait
702 2692 876 2745 Florez,
902 2693 1088 2747 legitur.

285 2847 418 2888 Nunc
439 2859 552 2889 uero
577 2847 781 2903 denique
804 2847 924 2888 illud
947 2847 1074 2902 quod
1098 2847 1338 2901 Wadding
1365 2850 1409 2889 et
1440 2846 1603 2888 Davila
1627 2850 1685 2898 et,
1717 2845 1885 2887 iisdem
1909 2845 2000 2887 fere
2023 2844 2179 2886 uerbis
2202 2856 2252 2883 ac

197 2924 452 2979 WVadding,
476 2924 566 2966 San
591 2925 815 2977 Antonio,
845 2925 937 2966 iam
962 2924 1212 2966 retulimus
1236 2937 1439 2966 asserere
1463 2924 1518 2965 de
1552 2923 1756 2965 Historia
1785 2922 1986 2964 naturali
2016 2921 2253 2962 ecclesias-

195 3002 287 3043 tica
310 3006 354 3043 et
375 3001 504 3043 ciuili
532 3002 736 3056 quadam
766 3014 844 3043 sex
875 3002 1015 3043 tomis
1048 3005 1269 3043 contenta
1298 3006 1341 3043 et
1371 3002 1427 3042 ab
1462 3001 1668 3042 Archiuo
1698 3000 1899 3051 diuersa,
1926 2999 2122 3040 omnino
2147 2998 2250 3037 inti«

195 3079 301 3120 tiari
338 3078 512 3120 licebit.
555 3079 669 3120 Nam
712 3079 952 3133 Wadding
989 3083 1056 3130 ut,
1101 3079 1324 3130 diximus,
1370 3079 1673 3120 Zamorcnses
1716 3081 1870 3118 tomos
1914 3089 2009 3117 non
2052 3074 2247 3117 uidisse:

196 3156 358 3198 Davila
380 3160 423 3198 et
447 3156 536 3197 San
563 3157 768 3198 Antonio
792 3169 847 3198 ex
871 3156 952 3198 illo
980 3157 1025 3197 id
1050 3157 1177 3211 quod
1203 3157 1493 3211 scripserunt
1518 3155 1688 3209 partim
1713 3158 1833 3195 certe
1857 3154 2111 3207 sumpsisse
2142 3152 2249 3191 satis

196 3233 388 3275 elucet1.
416 3234 473 3274 At
504 3233 633 3274 enim
665 3233 756 3274 San
788 3234 995 3275 Antonio
1026 3233 1133 3274 illos
1168 3237 1319 3274 tomos
1349 3233 1462 3274 dicit
1489 3246 1534 3273 se
1568 3245 1663 3272 non
1696 3230 1838 3272 semel
1864 3230 2037 3270 uidisse
2074 3242 2123 3269 ac
2157 3242 2249 3281 pcr-

195 3310 379 3364 legisse.
408 3310 494 3352 Sed
518 3323 541 3352 e
567 3311 795 3352 memoria
817 3311 916 3352 eius
940 3310 1150 3351 excidere
1173 3323 1283 3352 uera
1314 3309 1530 3351 condicio
1555 3309 1797 3362 formaque
1823 3306 2098 3360 multiplicis
2124 3305 2247 3344 illius

194 3388 371 3442 operis3
406 3391 450 3429 et
483 3387 607 3429 tituli
638 3387 830 3429 alterius
863 3387 971 3428 libri
1006 3400 1115 3428 cum
1150 3387 1294 3429 altero
1329 3386 1609 3440 permiscere
1643 3397 1696 3425 eo
1731 3384 1880 3437 magis
1919 3382 2084 3437 potuit.
2121 3380 2246 3434 quod

194 3463 374 3519 aliquid
434 3464 661 3518 temporis
719 3463 933 3505 interfuit
988 3464 1110 3504 inter
1168 3462 1300 3504 lailm
1365 3461 1775 3515 pertractationem
1834 3465 1875 3501 et
1938 3458 2246 3499 Bibliothecae

281 3597 308 3617 1.
332 3587 499 3627 Aeg-idius
515 3585 679 3617 Gonzalez
696 3585 814 3616 Daivila
833 3596 850 3614 «
867 3595 911 3616 no
928 3586 1147 3616 acostumbra
1164 3585 1315 3616 calificar
1331 3593 1388 3614 sus
1404 3584 1524 3614 diebos
1542 3594 1570 3616 )›.
1589 3583 1636 3613 ait
1651 3582 1766 3613 Fldrez
1783 3583 1877 3620 (Esp.
1901 3580 1997 3619 Sagr.
2018 3580 2103 3616 ΧΠ,
2121 3589 2154 3618 p.
2173 3580 2244 3613 368,

198 3637 226 3663 2·
243 3634 323 3671 ed.).
