2405 4009
965 226 1144 253 SAECVLO
1175 227 1257 253 xvn
2092 219 2135 257 13

88 318 336 361 transcribi
360 318 448 359 sibi
486 317 699 367 iusserat,
740 319 791 357 ut
822 316 1009 370 opinor,
1047 316 1175 357 hunc
1213 316 1424 357 codicem
1457 320 1500 357 et
1531 316 1671 357 etiam
1717 317 1917 359 alterum
1956 319 2012 360 (16
2049 334 2142 374 (130

87 394 266 449 aliquid
290 394 487 436 inferius
511 393 665 433 dicam
689 391 754 446 (p.
781 392 959 442 48-50).

177 471 301 512 Inter
326 474 537 511 auctores
558 469 639 523 qui
667 485 685 507 «
708 468 780 509 (101
806 468 926 509 libro
949 468 1004 509 de
1029 468 1072 509 S.
1091 468 1361 522 llephonso,
1382 469 1437 510 de
1462 469 1503 509 la
1527 469 1804 511 descension
1830 470 1948 512 dela
1976 472 2143 527 Virgen

89 550 277 588 nuestra
310 546 499 596 Sefiora,
526 545 600 586 del
630 545 723 585 don
748 544 803 585 de
833 544 875 584 la
906 543 1090 585 Casulla
1115 561 1132 582 »
1167 545 1470 598 scripserunt,
1507 562 1524 583 «
1553 545 1596 586 F.
1624 546 1655 586 1.
1684 547 1755 587 Gil
1787 548 1842 588 de
1865 549 2064 599 (Jamora
2087 564 2144 591 en

89 624 132 665 13
154 623 263 664 11151.
289 622 346 664 (16
372 622 415 663 13
437 621 695 663 inuencion
720 621 794 662 del
822 634 996 675 cuerpo
1020 621 1075 662 (10
1101 621 1144 662 S.
1173 620 1321 674 Ileph.
1348 638 1364 659 »
1393 627 1611 664 numerat
1634 623 1838 664 Thomas
1863 624 2066 679 Tamayo
2090 627 2144 668 de

89 700 262 752 Vargas
285 699 335 739 in
359 711 441 740 sua
474 713 493 738 ((
518 698 718 739 Defensa
741 697 796 739 (16
820 697 863 738 13
888 697 1172 739 Descension
1200 697 1256 739 de
1286 697 1329 738 la
1356 699 1522 751 uirgen
1557 700 1607 741 N.
1636 700 1679 740 S.
1713 713 1737 740 a
1764 700 1805 741 la
1832 700 1873 741 S.
1904 701 2067 755 Iglesia
2091 704 2147 744 de

87 776 259 818 Toledo
282 791 320 828 »,
346 788 472 816 anno
495 774 724 816 MDCXVI
743 774 882 829 edita,
905 774 960 815 de
984 788 1073 829 qua
1099 773 1207 815 uide
1232 787 1390 816 meum
1414 775 1471 817 dc
1495 775 1705 818 Iohanne
1725 777 1930 820 Mariana
1949 778 2143 831 librum,

90 867 136 908 p.
169 853 265 908 198,
291 866 338 892 n.
372 867 408 893 1.

177 928 241 971 Ex
268 929 479 970 eiusdem
508 928 715 970 Thomae
745 928 962 982 epistula,
996 940 1137 982 quam
1168 927 1337 981 allegat
1370 929 1587 971 Nicolaus
1617 932 1823 973 Antonio
1853 933 1989 986 (Bibl.
2023 934 2146 989 hisp.

87 1005 402 1058 301.,1.ΙΧ,3ο
420 1005 469 1046 18
489 1009 532 1047 et
547 1005 636 1059 26),
653 1008 835 1046 tantum
856 1005 986 1056 haec,
1002 1018 1120 1060 quae
1139 1005 1194 1045 ad
1209 1018 1327 1059 opus
1346 1007 1625 1048 uniuersum
1643 1008 1875 1050 Johannis
1895 1010 2146 1064 pertinent,

88 1096 217 1125 nunc
256 1082 470 1134 referam,
512 1081 693 1136 reliqua
730 1086 859 1136 parte
897 1081 1001 1123 loco
1040 1082 1219 1136 aptiore
1253 1082 1380 1136 (uide
1420 1097 1463 1137 p.
1512 1084 1585 1139 73)
1620 1086 1991 1140 transcribenda,
2032 1102 2151 1142 quae

87 1160 145 1202 ad
168 1164 302 1201 notas
332 1159 380 1200 in
405 1159 576 1200 Iuliani
607 1158 742 1200 Perez
770 1158 1046 1200 Chronicon
1078 1158 1231 1200 eidem
1264 1159 1533 1201 Zamorensi
1561 1161 1618 1202 ab
1649 1161 1938 1217 Hieronymo
1968 1164 2147 1206 Roman

87 1236 333 1279 attributas
356 1240 595 1290 spectant:
631 1252 708 1278 «...
735 1235 852 1277 dexo
871 1236 1060 1277 escritas
1086 1236 1281 1277 muchas
1305 1250 1453 1289 cosas,
1469 1251 1526 1279 en
1551 1239 1805 1292 particular
1827 1254 1947 1282 unos
1972 1242 2150 1283 indices

88 1326 116 1354 o
141 1312 347 1355 verbales
371 1312 426 1354 de
448 1312 644 1353 historia
669 1325 756 1366 por
778 1311 844 1353 las
869 1311 1006 1353 161135
1037 1311 1112 1353 (161
1135 1326 1175 1353 3.
1204 1313 1248 1354 b.
1275 1327 1336 1367 c.,
1362 1326 1451 1370 que
1485 1328 1531 1356 56
1559 1328 1821 1357 0035613311
1851 1330 1907 1358 63
1939 1319 1981 1359 S.
2010 1319 2150 1360 Fran-

87 1390 212 1431 cisco
255 1390 310 1431 de
352 1389 563 1441 Zamora,
604 1389 617 1429 i
662 1402 757 1430 una
801 1389 1007 1430 Historia
1049 1389 1191 1431 breue
1233 1390 1290 1432 de
1327 1390 1547 1433 laudibus
1589 1393 1854 1447 Hispaniae,
1895 1409 1986 1449 (136
2029 1397 2150 1438 anda

89 1467 410 1521 manuscripta
447 1480 506 1508 en
547 1479 710 1508 manos
748 1466 804 1508 de
842 1466 1089 1508 todos...›>.
1134 1467 1217 1509 Illa
1256 1468 1472 1522 epistula,
1508 1452 1650 1524 quam
1690 1470 1905 1513 Nicolaus
1944 1473 2151 1516 Antonio

89 1548 284 1586 testatur
317 1556 342 1584 a
375 1556 422 1585 se
451 1543 604 1584 uisam
640 1547 683 1584 et
725 1543 823 1584 «ad
856 1542 909 1584 D.
945 1543 1227 1585 Baltasarem
1273 1544 1614 1587 Sandoualium
1653 1546 1916 1588 Moscosum
1951 1549 1993 1590 S.
2022 1550 2072 1590 R.
2102 1550 2146 1591 E.

89 1619 389 1663 Cardinalem
434 1620 720 1674 Episcopum
764 1623 864 1661 tum
912 1621 1140 1674 temporis
1184 1621 1501 1664 Giennensem
1530 1640 1547 1661 11
1600 1624 1810 1677 missam,
1863 1625 1920 1666 ab
1963 1626 2153 1669 Alfredo

89 1697 384 1739 Morel-Fatio
423 1701 605 1751 reperta
643 1701 710 1738 est
747 1697 794 1737 in
836 1697 997 1739 codice
1044 1698 1184 1739 R-18.
1227 1698 1545 1740 Bibliothecae
1589 1700 1804 1754 publicae
1845 1704 2148 1756 matritensis,

91 1788 235 1816 manu
256 1774 463 1816 Thomae
486 1774 691 1828 Tamayo
718 1777 901 1815 exarata
938 1790 955 1812 «
980 1774 1158 1815 Madrid
1182 1774 1196 1814 i
1220 1757 1381 1828 agosto
1412 1776 1461 1816 18
1491 1776 1547 1817 (16
1577 1777 1662 1832 639
1685 1792 1723 1830 1),
1756 1782 1799 1819 61
1830 1779 1887 1819 3(1
1921 1795 1938 1817 «
1961 1779 2003 1820 el
2026 1779 2061 1821 0ι
2086 1781 2151 1822 1111

91 1852 152 1893 S⁰r
173 1851 347 1893 directa
370 1867 408 1892 ».
440 1851 744 1905 Adscriptum
767 1855 835 1892 est
864 1850 954 1892 hoc
978 1864 985 1891 :
1018 1868 1036 1889 «
1060 1851 1115 1892 Se
1144 1851 1338 1905 compro
1363 1865 1451 1894 con
1476 1856 1602 1894 otros
1627 1853 1669 1894 al
1694 1854 1803 1895 Ex¹¹¹⁰
1827 1856 1888 1896 S0r
1911 1854 2071 1899 Conde
2095 1858 2151 1900 de

91 1927 301 1969 Miranda
324 1944 361 1968 ».

178 2004 304 2046 Inter
345 2018 398 2046 63
440 2018 558 2060 (1336
595 2006 644 2046 13
683 2005 843 2047 00(1106
891 2005 947 2046 ab
992 2005 1299 2048 Emmanuele
1337 2007 1532 2061 Pantoja
1570 2008 1693 2049 circa
1732 2022 1911 2051 annum
1951 2011 2152 2054 MDCXL

90 2085 275 2124 exarato
298 2086 342 2123 61
364 2082 413 2123 13
441 2097 460 2122 ((
482 2082 705 2136 Catalogo
736 2082 791 2124 de
815 2082 858 2123 la
885 2082 1138 2125 Biblioteca
1167 2083 1223 2125 de
1248 2083 1423 2125 Salva»
1450 2084 1516 2138 (no
1540 2084 1673 2140 3059)
1704 2086 1911 2129 indicato
1943 2087 2043 2144 (qui
2071 2090 2152 2131 ubi

90 2173 217 2201 nunc
240 2163 385 2200 exstet
408 2160 587 2213 nescio)
611 2160 982 2214 reperiebantur,
1009 2164 1107 2201 erat
1132 2174 1151 2201 ((
1168 2160 1363 2215 Epilogo
1387 2160 1443 2202 de
1467 2161 1536 2202 los
1562 2162 1705 2216 Reyes
1729 2177 1819 2218 que
1843 2164 1937 2206 han
1960 2167 2154 2209 reinado

91 2249 148 2277 en
173 2235 357 2290 Espai‘la
380 2240 476 2277 asta
501 2236 553 2277 D.
583 2236 770 2278 Sancho
801 2236 1024 2290 Madruga
1055 2237 1154 2291 hijo
1183 2237 1258 2278 del
1288 2237 1354 2279 rei
1385 2237 1488 2287 Don
1514 2238 1689 2280 Alonso
1718 2240 1758 2281 el
1790 2240 1944 2283 Sabio.
1977 2243 2153 2285 Sacado

91 2313 148 2355 de
168 2313 212 2355 la
234 2313 432 2355 historia
455 2327 545 2368 que
568 2313 768 2355 escribio
794 2313 910 2368 Fray
932 2314 1054 2355 Juan
1079 2314 1151 2355 Gil
1179 2314 1234 2356 de
1263 2315 1458 2356 Zamora
1482 2315 1524 2357 el
1554 2316 1664 2370 qual
1690 2318 1890 2359 escriuio
1914 2334 1942 2374 y
1965 2321 2155 2363 ssorecio

91 2394 181 2432 3ᾖο
220 2390 295 2432 del
333 2390 479 2432 Sesior
510 2390 565 2431 de
603 2391 712 2432 1280
745 2403 835 2445 que
872 2391 996 2432 tenia
1036 2390 1217 2433 Fernan
1254 2392 1388 2434 Perez
1424 2392 1480 2434 de
1513 2392 1721 2435 Guzman
1745 2410 1782 2436 ».
1811 2395 1965 2451 (Quod
1997 2402 2153 2440 autem

11 2482 14 2484 ’
91 2468 205 2510 dicit
238 2467 373 2509 Salva
404 2467 460 2509 de
492 2467 583 2509 hoc
615 2468 844 2522 scriptore
877 2481 975 2509 non
1014 2467 1144 2522 loqui
1184 2469 1429 2510 Nicolaum
1463 2471 1670 2512 Antonio
1710 2471 1880 2514 falsum
1914 2487 2012 2516 esse
2045 2476 2156 2517 satis

91 2542 307 2602 constat).
335 2544 476 2586 Illum
508 2544 759 2599 Epilogum
783 2558 838 2587 ex
862 2545 1020 2600 aliquo
1042 2545 1274 2587 librorum
1298 2560 1416 2602 quos
1441 2547 1490 2587 in
1516 2547 1669 2590 Batres
1693 2549 1894 2592 habebat
1917 2552 2154 2595 Garcilaso

92 2622 149 2664 de
203 2621 247 2663 la
284 2622 424 2676 Vega,
475 2635 713 2677 pronepos
766 2622 999 2664 Fernandi
1054 2621 1187 2664 Perez
1237 2623 1295 2665 de
1348 2624 1574 2677 Guzman,
1622 2627 1924 2681 exscripsisse
1970 2630 2157 2671 uidetur

91 2698 368 2740 Ambrosius
399 2699 455 2741 de
488 2699 699 2751 Morales,
742 2699 779 2740 si
815 2699 1114 2741 Emmanueli
1148 2700 1341 2755 Pantoja
1382 2714 1405 2742 e
1441 2701 1648 2756 quodam
1684 2703 1741 2744 ab
1776 2705 2026 2748 Ambrosio
2064 2708 2155 2748 for-

93 2781 219 2819 mato
252 2776 412 2819 codice
446 2776 566 2818 illud
604 2790 742 2818 suum
778 2778 1089 2832 apographon
1134 2778 1338 2832 pendere
1374 2780 1617 2821 confitenti
1652 2781 1904 2823 credimus.
1939 2783 2156 2826 Ceterum

93 2853 296 2896 eundem
319 2853 564 2908 epilogum
588 2854 638 2894 in
661 2854 823 2895 codice
853 2855 1118 2896 matritensi
1148 2855 1262 2897 2803
1287 2855 1423 2909 (olim
1448 2856 1608 2912 1-333)
1633 2859 1829 2912 reperiri
1856 2860 1949 2901 iam
1974 2861 2157 2903 dictum

93 2934 162 2972 est
182 2928 249 2986 (p.
276 2931 321 2986 9)
345 2931 467 2973 etde
490 2944 545 2973 eo
569 2931 776 2985 amplius
799 2930 981 2973 dicetur
1004 2929 1072 2989 (p.
1105 2931 1194 2988 62).

184 3007 233 3048 In
260 3021 405 3049 manu
429 3008 604 3062 scripto
633 3008 794 3050 codice
824 3008 1103 3050 Academiae
1134 3008 1393 3052 Historicae
1424 3009 1711 3053 Matritensis
1734 3013 1860 3068 Z-72,
1887 3025 2028 3069 quem
2053 3016 2159 3058 Bar-

96 3084 392 3127 tholomaeus
427 3085 646 3127 Gallardo
680 3085 905 3126 describit
933 3086 982 3126 in
1015 3099 1100 3127 suo
1133 3104 1151 3125 «
1179 3086 1362 3141 Ensayo
1394 3088 1450 3129 de
1478 3102 1573 3130 una
1602 3088 1856 3132 Biblioteca
1886 3092 2108 3146 espafiola
2135 3110 2153 3133 »

98 3162 150 3215 (t.
188 3161 262 3213 IV,
298 3163 386 3203 001.
427 3162 559 3218 1479)
594 3162 660 3203 sic
698 3162 998 3216 designatum
1041 3178 1058 3201 «
1085 3162 1340 3205 Biblioteca
1380 3164 1548 3205 selecta
1587 3164 1661 3206 del
1697 3165 1858 3208 Conde
1896 3167 2061 3223 Duque
2105 3170 2160 3211 de

99 3238 340 3290 Sanlucar,
366 3252 483 3293 gran
514 3238 748 3280 Canciller
775 3255 813 3290 »,
840 3239 1085 3281 inuenitur
1112 3239 1298 3282 «Index
1329 3240 1562 3282 librorum
1584 3246 1627 3284 61
1660 3245 2093 3299 manuscriptorum
2117 3263 2154 3298 1),

97 3316 220 3357 inter
246 3329 364 3370 quos
403 3314 611 3357 secundo
644 3315 748 3356 loco
785 3315 1042 3370 inscriptus
1080 3320 1149 3358 est
1184 3333 1201 3355 «
1224 3316 1407 3371 Aegidii
1446 3318 1739 3360 Zamorensis
1778 3320 1912 3363 Liber
1949 3324 2158 3378 proprie-

98 3395 276 3434 tatum:
312 3392 360 3432 in
394 3392 684 3433 membranis
717 3393 766 3432 in
800 3392 899 3444 fot,
937 3393 1131 3448 antiqua
1164 3398 1275 3435 nota
1307 3395 1372 3446 (L,
1405 3394 1444 3450 1)
1467 3412 1504 3437 ».
1539 3395 1661 3438 Illud
1696 3402 1852 3440 autem
1883 3401 2073 3454 signum
2108 3401 2155 3453 L,

106 3484 144 3520 1,
175 3469 406 3523 reperitur
434 3469 483 3509 in
513 3469 673 3510 codice
705 3469 1006 3511 escorialensi
1037 3470 1206 3512 mutilo
1234 3470 1290 3512 de
1319 3485 1414 3525 quo
1444 3486 1554 3513 mox
1583 3478 1746 3527 agetur
1773 3475 1836 3529 (p.
1870 3474 1942 3524 54)
1976 3477 2159 3530 signato

105 3545 306 3587 112—1—10
348 3550 392 3588 et
433 3545 602 3588 P-I-1o.
641 3546 795 3587 Nostri
833 3559 1020 3600 quoque
1061 3546 1287 3588 Iohannis
1326 3561 1425 3589 6556
1457 3549 1644 3590 31(16131
1675 3550 1878 3593 Historia
1911 3552 2160 3607 Hispaniae

98 3636 217 3678 quae
246 3622 336 3665 col.
378 3623 485 3678 1492
521 3623 595 3664 his
628 3622 820 3664 indiciis
854 3622 1237 3665 demonstratur:
1283 3641 1301 3663 «
1324 3624 1513 3667 Ioannis
1547 3626 1729 3680 Aegidii
1767 3628 1877 3681 (Fr.)
1912 3629 2160 3684 Hispaniae
