2405 4009
878 203 1148 230 APOGRAPHON
1179 202 1453 228 monensi-«vm
2142 189 2190 227 35

231 293 324 337 Cur
355 299 527 346 tamen,
562 294 643 335 ubi
677 294 888 335 membra
919 293 1113 334 disiecta
1144 292 1192 332 in
1232 304 1381 332 unum
1421 304 1591 345 corpus
1631 291 1829 345 scriptor
1867 290 2059 344 redegit,
2095 303 2190 331 non

143 372 410 422 correxerit,
441 384 621 425 nequeo
645 370 813 411 dicere.
834 409 837 410 γ

230 447 394 489 Merito
455 448 593 489 etiarn
656 447 903 487 mirabitur
961 445 1132 500 aliquis
1196 444 1293 484 «in
1358 457 1513 497 regem
1575 457 1879 484 romanorum
1939 443 2188 483 electum»

141 524 498 579 Aldephonsum
532 524 772 565 nominari
805 537 828 563 a
866 522 1101 563 monacho
1134 521 1412 571 zamorensi,
1449 533 1558 561 cum
1592 520 1802 561 Pontifex
1840 520 2070 561 maximus
2101 521 2192 560 iam

140 614 266 642 anno
291 601 586 642 MCCLXXV⁰
610 601 674 641 sic
693 599 920 653 appellari
946 612 1104 651 regem
1130 598 1386 652 hispanum
1411 597 1748 651 prohibuisset.

204 717 207 719 ,
231 678 467 719 Praeterea
490 690 585 718 non
610 676 732 717 nihil
756 680 824 717 est
846 675 1046 716 dubium
1072 676 1116 715 in
1144 675 1326 729 prologi
1360 675 1495 715 initio
1525 687 1620 728 quo
1651 678 1952 727 nuncupatur
1982 674 2190 714 Sancius.

140 753 252 794 Nam
295 753 355 793 ita
400 753 599 806 incipit:
651 769 668 790 «
702 753 1009 794 Serenissimo
1063 752 1257 792 domino
1312 764 1395 792 suo
1442 751 1610 791 infanti
1656 750 1843 791 Sanctio
1888 750 2192 791 illustrissimi

139 829 381 871 Aldefonsi
413 831 535 883 regis
566 829 781 883 Legionis
815 843 835 869 ε
874 828 1072 870 Castelle
1102 828 1284 869 'l'lioleti
1316 842 1368 868 ac
1401 827 1624 868 Vandalie
1655 828 1820 868 maiori
1851 827 1948 867 silio
1980 842 2000 867 τ,
2037 828 2192 868 heredi

140 920 160 947 z
188 907 391 960 biscagie
415 908 689 960 potentifico
713 906 941 961 adeptori.
962 923 979 944 n
1007 905 1142 956 Quod
1166 918 1310 959 aeque
1336 906 1383 945 in
1417 904 1725 946 Escorialensi
1756 904 1857 946 cod.
1893 908 2029 958 atque
2063 905 2109 944 in
2141 917 2193 944 eo

138 997 278 1039 quem
302 984 426 1038 apud
452 983 681 1025 Siruelam
706 984 911 1024 Antonio
939 983 1075 1032 uidit,
1102 983 1288 1036 legitur.
1315 982 1409 1023 Fita
1427 982 1620 1036 quidem
1644 997 1662 1021 «
1686 981 1907 1035 IIispanie
1931 998 1947 1019 ι)
1976 981 2197 1035 proponit

138 1073 223 1115 pro
259 1061 557 1114 «Biscagie»,
584 1075 693 1102 cum
717 1074 842 1102 anno
868 1059 1272 1103 MCCLXXXVssr’
1294 1059 1486 1100 demum
1514 1059 1770 1112 Biscayam,
1799 1058 2041 1099 interfecto
2067 1057 2195 1111 Lupo

137 1137 194 1179 de
222 1137 360 1189 Haro,
398 1138 593 1178 Saucius
626 1138 894 1187 subiecerit,
930 1151 1015 1178 nec
1049 1151 1133 1178 cur
1164 1141 1297 1177 antea
1337 1136 1532 1177 meritus
1566 1137 1640 1183 sit,
1675 1141 1725 1177 ut
1762 1135 1889 1176 illius
1922 1135 2195 1189 prouinciae

141 1214 411 1269 «adeptor»
457 1214 788 1269 appellaretur,
828 1218 1023 1256 constet.
1069 1214 1167 1255 Non
1208 1227 1320 1254 uero
1360 1214 1508 1266 magis
1551 1217 1734 1254 constat
1775 1226 1858 1254 cur
1901 1213 2095 1253 meritus
2139 1212 2196 1252 sit

136 1291 301 1333 eodem
328 1296 536 1346 tempore
559 1297 610 1333 ut
633 1292 885 1346 Hispaniae
909 1292 1104 1345 adeptor
1127 1290 1323 1332 audiret.
1354 1291 1507 1331 Restat
1529 1303 1640 1343 ergo
1664 1294 1715 1331 ut
1737 1294 1896 1343 postea
1925 1289 2081 1330 addita
2105 1289 2199 1329 sint

136 1381 188 1409 ea
217 1369 362 1410 uerba
393 1368 448 1411 de
491 1369 663 1424 quibus
701 1370 870 1423 agitur.
907 1368 1042 1420 Quod
1074 1368 1325 1409 confirmat
1363 1368 1722 1422 antiquissimus
1755 1367 1901 1407 codex
1931 1367 2193 1420 parisinus,

135 1446 216 1500 qui
240 1450 422 1488 tantum
445 1447 494 1487 in
521 1448 733 1500 margine
761 1463 778 1484 «
805 1460 825 1486 z
853 1446 1064 1500 Viscagie
1084 1445 1359 1499 potentifico
1384 1445 1594 1499 adeptori
1621 1461 1638 1482 »
1666 1444 1820 1485 habet.

224 1522 365 1565 Anno
400 1524 544 1577 igitur
576 1523 918 1564 MCCLXXXII0
949 1536 971 1564 e
1006 1522 1226 1563 manibus
1263 1521 1488 1563 Iohannis
1520 1534 1759 1575 egressum
1793 1534 1890 1562 esse
1918 1521 2110 1562 Librum
2139 1521 2195 1562 de

137 1600 402 1641 Praeconiis
426 1601 628 1642 ciuitatis
652 1600 965 1642 Numantinae
988 1605 1032 1641 et
1054 1600 1194 1641 etiam
1215 1599 1406 1640 Librum
1429 1598 1485 1639 de
1508 1598 1774 1640 Praeconiis
1801 1598 2051 1652 Hispaniae
2075 1602 2195 1639 recte

134 1677 420 1718 existimauit
442 1677 539 1719 Fita
563 1691 570 1718 :
605 1681 935 1719 uerumtamen
960 1681 1065 1718 ante
1096 1681 1298 1731 quatuor
1321 1677 1397 1718 uel
1427 1676 1637 1730 quinque
1666 1688 1816 1716 annos
1843 1689 1985 1730 quam
2016 1674 2193 1715 editum

134 1757 203 1795 est
224 1754 317 1795 iam
340 1755 583 1809 inceptum
607 1755 750 1796 fuisse
773 1754 942 1796 addere
966 1758 1166 1808 oportet.

222 1831 537 1886 Quamquam,
574 1833 701 1886 piget
737 1832 867 1873 sateri
902 1832 1192 1873 monachum
1232 1831 1368 1872 illum
1396 1844 1522 1872 anno
1553 1829 1877 1872 MCCLXXXII
1912 1842 1991 1870 605
2026 1829 2193 1870 Sancio

133 1907 360 1950 obtulisse
395 1913 439 1950 et
480 1922 532 1950 ea
571 1910 927 1964 nuncupatione
964 1909 1224 1963 patrocinia
1263 1908 1392 1949 illius
1431 1908 1661 1949 ademisse
1693 1907 1773 1962 qui
1812 1910 1973 1948 contra
2012 1910 2192 1961 patrem

135 1984 493 2039 Aldephonsum
524 1986 790 2040 Sapientem
821 1985 1127 2027 rebellionem
1158 1985 1333 2026 nefarie
1364 1986 1457 2025 iam
1487 1984 1682 2026 fecisset.

885 2224 903 2269 ᾗ
941 2216 1000 2261 ΙΙ.
1044 2216 1185 2261 Mum
1220 2232 1440 2261 MAGNVM.

222 2362 319 2405 mh,
347 2390 399 2397 —
425 2366 481 2408 Ut
505 2370 654 2407 cetera
680 2366 906 2407 Iohannis
933 2366 1112 2420 Aegidii
1137 2366 1423 2407 zamorensis
1446 2378 1587 2420 opera
1611 2379 1879 2417 noscamus,
1912 2366 2120 2420 primum
2144 2365 2193 2405 in

133 2447 357 2498 promptu
380 2444 608 2485 habemus
630 2444 842 2485 codicem
878 2444 1198 2491 matritensem
1232 2443 1355 2499 1⁴217
1391 2444 1540 2497 (nunc
1566 2443 1695 2499 2763,
1732 2443 1869 2485 nobis
1899 2448 2055 2484 autem
2080 2442 2189 2497 Md).

133 2519 280 2571 Quem
323 2525 368 2562 et
409 2520 626 2562 Alfredus
661 2520 956 2562 Morel-Fatio
994 2520 1199 2574 amplius
1234 2521 1425 2574 triginta
1465 2534 1614 2562 annos
1648 2521 1823 2562 abhinc
1857 2534 1911 2561 ex
1944 2524 2072 2574 parte
2103 2520 2196 2560 iam

133 2598 396 2652 exscripsit,
431 2602 475 2639 et
512 2598 628 2638 mihi
669 2611 795 2638 anno
832 2597 999 2639 ΜΟΝΙΙΟ
1031 2598 1309 2651 Burdigalae
1349 2598 1615 2652 iterumque
1654 2612 1780 2639 anno
1819 2598 1984 2639 eodem
2024 2597 2193 2637 Matriti

131 2673 265 2716 licuit
304 2675 589 2716 examinare.
639 2674 803 2715 Errore
844 2674 986 2715 Index
1026 2688 1049 2716 a
1092 2674 1312 2716 Gallardo
1345 2674 1496 2715 editus
1529 2688 1638 2716 eum
1680 2678 1893 2716 notatum
1926 2687 2024 2715 esse
2073 2673 2193 2714 1-155

129 2750 241 2791 dicit
277 2751 386 2805 <sub
418 2765 521 2793 uoc.
569 2767 586 2789 «
610 2750 682 2792 Gil
724 2751 779 2792 de
823 2752 1014 2792 Zamora
1038 2765 1055 2791 ›)
1099 2755 1142 2793 et
1177 2765 1197 2792 ((
1219 2751 1488 2805 Zamoran).
1528 2751 1710 2793 Praeter
1744 2751 1934 2792 Librum
1970 2751 2024 2792 de
2058 2751 2189 2791 Prae-

132 2828 282 2869 coniis
307 2827 574 2882 Hispaniae,
601 2841 652 2869 ea
676 2829 886 2870 continet
908 2842 1025 2883 quae
1045 2828 1231 2869 saeculo
1258 2835 1385 2868 xvl11⁰
1418 2828 1606 2869 Henrici
1642 2828 1798 2869 Florez
1831 2842 1968 2869 causa
1992 2831 2194 2868 extracta

134 2908 244 2946 sunt
266 2917 320 2945 ex
342 2905 435 2946 alio
463 2904 624 2946 codice
657 2918 681 2945 a
714 2905 920 2959 quodam
946 2909 1076 2959 patre
1098 2904 1324 2946 Michaele
1348 2904 1558 2946 Ordoi‘iez
1582 2919 1707 2946 anno
1732 2905 1994 2947 MDCCVIr
2022 2905 2194 2946 consti—

131 2984 248 3033 tuto,
281 2995 408 3022 nunc
441 2985 596 3023 autem
629 2982 897 3036 deperdito3
934 2983 1014 3037 qui
1049 2986 1232 3023 tantum
1267 2983 1366 3036 ipse
1399 2995 1421 3023 6
1455 2987 1631 3037 septem
1666 2983 1805 3024 tomis
1841 2982 2192 3023 zamorensibus

130 3062 345 3112 excerpta
363 3059 650 3100 continebat.
677 3060 792 3100 llaec
811 3060 939 3101 enim
959 3058 1162 3100 declarat
1181 3060 1425 3114 hispanice
1444 3059 1521 3101 ille
1540 3060 1620 3114 qui
1641 3059 1852 3101 codicem
1874 3059 1946 3100 Md
1968 3060 2191 3109 exarauit,

132 3134 181 3175 in
206 3134 318 3176 folio
343 3136 610 3189 praeposito
631 3150 640 3176 ε

225 3211 349 3252 «Las
373 3212 510 3253 obras
534 3212 589 3253 de
614 3213 668 3253 fr.
707 3213 820 3254 Iuan
846 3213 919 3255 Gil
954 3214 1008 3255 de
1036 3214 1246 3266 Zamora,
1281 3214 1462 3255 celebre
1496 3213 1824 3265 Franciscano,
1861 3227 1908 3255 se
1941 3213 2099 3254 hallan
2134 3225 2188 3253 en

133 3288 244 3330 siete
269 3293 420 3330 tomos
444 3287 470 3329 ὸ
495 3288 771 3331 volumenes
795 3290 1171 3344 de-pergamino,
1209 3291 1264 3332 de
1297 3290 1319 3331 a
1346 3290 1500 3332 media
1526 3290 1635 3345 piel,
1665 3289 1689 3331 a
1715 3291 1856 3332 modo
1881 3291 1935 3332 de
1967 3290 2112 3330 libros
2137 3289 2191 3329 de

133 3379 260 3418 coro,
287 3379 376 3407 con
400 3365 469 3406 los
495 3367 691 3407 mismos
714 3368 884 3421 errajes
909 3382 936 3421 y
961 3369 1385 3409 encuadernacion.
1414 3368 1478 3409 De
1502 3372 1624 3409 estos
1650 3369 1762 3410 siete
1785 3368 2060 3412 volumenes
2085 3372 2191 3420 (que

133 3456 179 3484 se
199 3443 409 3496 guardan
435 3456 492 3484 en
520 3442 563 3484 la
587 3443 776 3484 libreria
800 3444 854 3485 de
879 3444 947 3485 los
974 3445 1020 3485 Ρ.
1048 3444 1093 3486 Ρ.
1125 3445 1396 3485 Franciscos
1421 3444 1476 3485 de
1499 3444 1542 3485 la
1566 3445 1735 3486 ciudad
1756 3445 1810 3485 de
1834 3445 2043 3497 Zamora)
2064 3444 2190 3483 huvo

133 3533 199 3560 un
223 3519 271 3560 P‘³
293 3521 494 3571 curioso,
523 3519 730 3561 llamado
764 3520 836 3562 Fr.
874 3520 1045 3574 Miguel
1072 3520 1300 3572 Ordoi‘ieZ,
1328 3534 1418 3575 que
1441 3534 1487 3562 56
1518 3521 1683 3562 dedico
1716 3520 1740 3562 a
1773 3522 1912 3562 hacer
1935 3534 2027 3560 una
2058 3520 2190 3573 copia

134 3595 190 3637 de
210 3595 341 3647 ellos,
368 3610 425 3637 en
450 3596 490 3637 el
516 3600 606 3638 ano
630 3597 685 3638 de
715 3611 821 3653 ¹707
858 3611 1005 3651 segun
1039 3598 1084 3639 la
1115 3597 1235 3642 Nota
1269 3612 1358 3653 que
1392 3612 1513 3653 pone
1542 3612 1599 3639 en
1635 3611 1687 3639 su
1713 3598 1847 3652 copia
1879 3597 1920 3637 al
1945 3596 2111 3637 acabar
2133 3596 2187 3637 de
