2405 4009
205 264 254 301 50
733 275 776 308 Q!
791 275 830 300 tn
860 274 907 300 Ex
939 271 1046 299 xum·
1077 273 1258 299 scnwrts
1288 272 1417 299 umus
1446 272 1712 299 t'nncwu'rvn

204 363 268 404 lit.
314 363 351 404 M
396 364 437 405 S.
480 361 707 403 Mart-iulis
746 362 1048 404 historiam...
1075 379 1091 398 u
1139 360 1200 403 Ex
1245 360 1408 403 eodem
1450 365 1579 402 tomo
1617 364 1661 402 ct
1696 358 1848 402 littera
1891 358 2115 402 dicuntur
2150 373 2248 402 esse

202 444 401 480 extracta
424 440 625 493 capitula
649 438 704 480 (1(-
729 439 1009 482 MahometO.
1038 439 1078 480 S.
1110 438 1319 485 Mamete,
1348 436 1499 478 Marco
1524 437 1728 478 Antonio
1746 440 1790 478 et
1813 436 1856 477 S.
1893 435 2134 489 Michaele,
2169 437 2248 479 sed

204 532 226 555 υ
253 515 367 557 xm·
389 529 471 570 pro
499 515 592 556 xlt-
618 516 736 556 tihro
762 516 873 556 hacc
899 516 1135 556 tria...—=‹
1241 514 1365 555 (licto
1390 513 1511 554 libro
1532 512 1633 554 xm
1659 511 1916 554 illustrium
1940 525 2249 568 personarum

205 594 269 633 lit.
315 593 342 629 N
384 593 575 633 Neronis
613 593 776 646 imper.
820 592 1164 633 historiam...»
1209 590 1269 631 Ex
1309 590 1475 631 codem
1517 589 1635 630 libro
1674 588 1878 643 capitula
1910 588 1966 630 de
2004 589 2169 641 Nerua,
2208 593 2254 632 et

204 671 371 709 Sancto
417 668 618 709 Nic-olam.
648 692 705 698 —
747 687 762 704 υ
882 668 1094 708 Secundo
1136 671 1262 708 tomo
1301 679 1495 708 suorum
1540 678 1737 720 operum
1772 664 1904 707 litera
1944 664 1995 706 D.
2030 664 2252 708 Dentium

206 745 564 798 proprietates..
590 761 608 780 n
626 769 680 774 -—-
704 764 718 781 υ
810 744 888 784 uhi
928 757 1064 798 supra
1090 744 1144 783 (lv
1183 743 1396 795 Longino
1429 742 1760 783 centurione...
1788 757 1804 780 n
1832 766 1888 772 —
1915 759 1932 778 «
2022 741 2142 783 libro
2176 742 2251 783 XV

206 820 459 861 illustrium
501 833 805 874 personarum
848 820 976 860 litora
1023 820 1051 860 l'
1094 824 1220 860 tomo
1247 819 1275 857 Y
1304 832 1498 859 suorum
1537 831 1732 872 operum
1776 817 1908 859 Pilati
1942 818 2175 870 originem
2211 821 2256 861 et

207 910 463 950 poenam...
493 915 508 931 »ν
536 922 589 927 -
619 919 633 931 ..
747 897 825 937 lil).
867 897 937 937 XX
981 896 1104 937 illust
1168 909 1286 950 pers.
1328 900 1455 936 tomo
1497 895 1548 935 vt
1594 895 1658 936 lit.
1689 894 1720 934 Υ
1764 894 1970 947 Virginis
2012 895 2255 937 cuiusdam

210 974 483 1027 Xntioquiac
509 973 808 1014 historiam...
836 992 850 1006 n

295 1051 421 1090 Nunc
448 1049 574 1089 illam
600 1050 983 1089 distributionem
1007 1062 1147 1103 quam
1173 1062 1225 1089 cx
1250 1049 1556 1089 ramircziano
1583 1047 1743 1089 codice
1776 1047 2046 1101 colligimus
2069 1061 2178 1090 cum
2205 1060 2259 1092 ea
2303 1064 2307 1066 ·

206 1125 518 1179 comparanda
559 1131 625 1166 ost
664 1139 802 1179 quam
843 1139 865 1165 e
906 1140 991 1165 ms.
1038 1126 1287 1165 Ilm-cziano
1322 1124 1392 1165 Md
1429 1125 1762 1179 comperimuS,
1800 1125 1935 1165 uncis
1969 1124 2258 1167 includendo

208 1217 256 1242 ca
287 1216 403 1256 quac
435 1216 517 1242 nos
541 1203 819 1249 conicimus,
848 1203 966 1243 nihil
1000 1202 1350 1243 demonstrante
1378 1200 1610 1243 Matthuco
1639 1204 1717 1241 aut
1741 1200 1891 1242 scriba
1917 1201 2194 1243 floreziano:

212 1370 239 1395 1.
329 1357 377 1396 A.
410 1355 455 1394 lt.

213 1445 257 1472 ι..
326 1432 374 1472 (3.
405 1431 455 1471 ι).
486 1430 530 1472 1-3.
1059 1441 1074 1540 Ι
1119 1405 1158 1474 Ξ.
1415 1431 1465 1473 D.
1493 1430 1908 1483 (Arci1.)L.<A1-ch.
1931 1431 2006 1474 uel
2027 1429 2260 1490 111ust.p.)

212 1522 272 1547 ιιι.
330 1507 373 1546 1-“.
403 1509 455 1546 (ἰ.
489 1507 539 1547 ΙΙ.
1112 1500 1145 1564 ’ξζ
1413 1508 1465 1548 G.
1491 1505 1661 1559 (Illust.
1690 1507 1834 1562 pers.)

214 1598 271 1623 ix.
334 1584 363 1623 l.
1059 1586 1075 1677 x
1108 1565 1145 1625 ,ξ

214 1675 252 1698 x.
332 1660 381 1699 Κ.
413 1659 455 1699 1,.
490 1659 544 1700 Μ,
574 1659 623 1701 N.
651 1664 702 1700 t).
1108 1647 1146 1717 Ξ)
1415 1658 2263 1716 L.M.N.P.(Illust.pers.)L.(Arch.)

213 1750 268 1776 η.
330 1736 373 1778 ι».
401 1740 453 1786 ι).
483 1736 530 1777 n.
560 1737 602 1777 s.
629 1736 678 1777 τ.
708 1736 757 1777 v.
788 1737 837 1777 x.
867 1737 916 1777 γ.
945 1737 988 1779 z.
1109 1726 1147 1762 ’Ξ
1416 1735 1468 1778 v.
1505 1735 1672 1789 (illust.
1699 1737 1839 1792 pers).

213 1827 288 1853 xii.
647 1813 915 1867 (Arellium,
1417 1811 1465 1853 C.
1495 1811 1548 1853 D.
1579 1812 1748 1866 (Illust.
1775 1826 1896 1868 pers.
1925 1812 2000 1855 uel
2024 1812 2180 1867 Arch.)

272 1890 358 1929 nisi
384 1889 429 1929 in
455 1893 483 1931 t.
512 1889 525 1929 1
552 1889 687 1930 suerit
710 1904 816 1931 cum
845 1892 892 1931 A.
924 1891 969 1931 13.
1000 1891 1147 1932 lllust.
1176 1895 1318 1945 pers.)

638 2025 665 2063 1⁴:
701 2038 849 2064 CODICE
888 2026 968 2064 Mn.
1675 2025 1704 2064 E
1733 2038 1882 2065 conice
1911 2026 2007 2064 Mvr.

303 2194 353 2235 Vt
394 2195 576 2249 saepius
614 2208 666 2236 cx
706 2196 872 2238 iisdem
913 2197 1051 2238 tomis
1089 2198 1250 2239 eadem
1293 2201 1489 2252 uterque
1528 2197 1764 2248 librarius,
1792 2197 1852 2238 ita
1885 2209 1939 2238 ex
1975 2196 2120 2238 altero
2153 2195 2268 2237 alter

214 2274 340 2311 tomo
363 2276 525 2325 quater
554 2273 795 2326 excerpsit.
826 2275 880 2314 At
909 2273 1021 2315 dum
1056 2275 1101 2314 in
1130 2275 1182 2314 V⁰
1212 2288 1296 2329 pro
1323 2274 1396 2315 v1⁰
1422 2279 1549 2316 tomo
1573 2274 1714 2315 fuisse
1743 2273 1995 2315 articulum
2028 2272 2085 2314 de
2120 2271 2266 2314 Pilato
2299 2279 2306 2287 ·

216 2347 405 2388 indicat.
440 2349 585 2401 potuit
616 2362 768 2389 errare
803 2347 1080 2401 Matthaeus,
1114 2351 1233 2392 sicut
1265 2365 1375 2393 sane
1407 2351 1581 2393 errauit
1605 2350 1726 2391 libro
1766 2349 1867 2391 XIII
1889 2349 2090 2392 litteram
2124 2347 2168 2391 M
2200 2351 2269 2390 ter

213 2436 357 2477 aeque
393 2438 443 2464 ac
479 2424 678 2466 litteram
707 2426 733 2465 N
772 2426 1086 2477 attribuendo,
1124 2432 1371 2482 postquam
1412 2428 1482 2469 bis
1521 2428 1644 2469 hanc
1682 2425 1781 2469 ΧΙΙο
1816 2431 1936 2468 recte
1973 2426 2263 2468 attribuerat.

215 2501 448 2551 Quoniam
492 2506 645 2542 antem
687 2503 730 2542 in
780 2503 985 2544 Archino
1024 2517 1169 2558 acque
1207 2509 1344 2559 atque
1387 2505 1434 2545 in
1479 2504 1616 2546 Libro
1660 2504 1916 2545 illustrium
1960 2515 2268 2558 personarum

219 2578 437 2629 leguntur
474 2577 654 2618 articuli
696 2579 750 2619 ‹lc
791 2580 832 2620 S.
870 2580 1100 2621 Columba
1135 2585 1179 2622 ct
1212 2581 1427 2631 Damaso,
1464 2585 1508 2622 et
1545 2585 1727 2622 tomum
1762 2579 1891 2622 Vnum
1923 2579 2059 2621 illum
2091 2579 2139 2620 in
2173 2591 2267 2634 quo

217 2658 311 2694 crat
349 2667 398 2694 ca
440 2667 543 2707 pars
587 2655 777 2695 Archiui
820 2657 969 2709 potnit
1008 2657 1254 2698 nominare
1299 2657 1422 2698 idem
1464 2656 1725 2698 Matthaeus
1765 2658 1895 2704 (nam
1931 2657 1978 2697 in
2017 2669 2111 2711 quo
2150 2657 2270 2698 esset

219 2735 345 2771 torno
381 2730 609 2770 Archiuus
645 2732 797 2772 scriba
838 2733 1113 2773 llorczianus
1153 2747 1247 2775 non
1285 2733 1433 2787 dicit),
1465 2746 1560 2775 non
1601 2734 1663 2774 ita
1700 2734 1875 2774 mirum
1908 2736 1977 2775 est
2013 2745 2037 2774 e
2069 2731 2270 2787 septimo

218 2806 322 2847 illos
354 2806 575 2847 articulos
609 2812 822 2862 sumptos
854 2821 952 2850 csse
985 2809 1225 2853 declarari.
1263 2810 1349 2852 Sed
1382 2810 1509 2865 quod
1541 2810 1590 2851 in
1624 2825 1642 2847 «
1669 2809 1876 2851 secundo
1910 2813 2039 2851 tomo
2073 2821 2267 2851 suorum

217 2895 413 2936 operum
443 2882 591 2923 littera
619 2883 653 2923 l)
678 2904 693 2919 »
721 2884 971 2925 articulum
997 2886 1051 2926 dc
1081 2885 1298 2927 Dentium
1331 2886 1694 2940 proprietatibus
1724 2886 1923 2940 inuenit,
1950 2898 2045 2927 non
2069 2885 2269 2927 omnino

219 2973 325 3000 cum
371 2960 492 3000 notis
536 2961 678 3013 patris
720 2960 930 3002 Ordffioez
969 2975 991 3001 a
1033 2962 1184 3003 scriba
1224 2963 1473 3004 ssorcziano
1512 2963 1801 3004 transmissis
1845 2962 2079 3016 congruit.
2119 2960 2271 3013 Quare

220 3035 376 3076 nescio
415 3048 472 3075 an
518 3039 646 3076 tomo
686 3035 742 3078 11ο
780 3037 826 3077 in
868 3050 962 3091 quo
1002 3037 1151 3079 littera
1197 3038 1233 3079 D
1274 3038 1397 3079 Libri
1438 3039 1695 3080 illustrium
1735 3051 2043 3093 personarum
2085 3041 2269 3080 tomum

220 3112 265 3151 in
299 3124 393 3165 quo
426 3112 571 3152 littera
607 3112 643 3152 l)
676 3113 868 3154 Archiui
910 3115 1197 3165 inueniebat,
1233 3115 1436 3170 quadam
1474 3116 1825 3170 perturbatione
1862 3115 2139 3170 imprudens
2170 3127 2268 3156 non

220 3187 506 3229 disemus-rit.
555 3189 769 3230 Litteram
819 3190 1021 3244 denique
1075 3192 1120 3239 L,
1165 3192 1279 3233 (lum
1322 3192 1447 3234 «ubi
1494 3205 1679 3246 supra»
1725 3191 1856 3244 dicit,
1901 3191 2065 3233 dubito
2109 3204 2169 3232 an
2211 3189 2269 3232 ad

219 3265 439 3318 quintum
479 3264 650 3305 librum
693 3266 785 3307 iam
824 3271 956 3308 antea
993 3268 1203 3319 citatum,
1241 3282 1333 3310 non
1374 3269 1429 3310 ad
1465 3269 1744 3321 secundum,
1780 3267 2003 3310 lectorem
2036 3267 2271 3310 remittere

221 3341 512 3395 cogitauerit.

311 3417 535 3471 Equidem
562 3417 640 3459 illa
661 3420 854 3473 exposui
880 3433 974 3461 non
1000 3425 1049 3462 ut
1079 3434 1129 3462 ea
1159 3421 1487 3476 disceptarem,
1520 3421 1599 3463 sed
1629 3425 1681 3463 ut
1708 3421 1883 3462 iudicet
1907 3419 2066 3463 lector.
2101 3419 2268 3462 Vtrum

221 3498 287 3533 ter
310 3498 531 3547 quaterue
554 3493 690 3536 ualde
714 3497 939 3538 errauerit
968 3501 1061 3538 tam
1092 3497 1330 3551 diligentis
1362 3512 1530 3539 manus
1561 3498 1730 3550 scriba,
1761 3511 1821 3539 an
1850 3510 1904 3539 ex
1934 3496 2268 3550 manuscriptis
2335 3523 2338 3525 >

221 3570 324 3609 aliis
370 3570 499 3610 libris
537 3575 674 3625 atque
712 3571 922 3614 Ordor‘iez
958 3575 1239 3628 excerpserit
1275 3588 1326 3616 ea
1362 3587 1480 3629 quae
1524 3575 1772 3616 Laurentio
1818 3573 2028 3615 Ramirez
2075 3571 2264 3625 obtulit,

225 3646 340 3685 mihi
375 3658 469 3687 non
505 3647 663 3701 liquet.

2353 3622 2359 3643 I
