2405 4009
941 207 1210 234 APOGRAPHON
1240 207 1462 233 Axomuvn
2176 198 2219 235 51

263 294 479 349 Capitula
508 308 621 337 uero
650 295 764 338 haec
793 300 903 338 sunt
931 309 1049 351 quae
1079 296 1128 336 in
1159 296 1370 337 codicem
1401 296 1780 347 ramirezianum,
1813 310 1907 339 non
1939 298 1986 338 in
2020 299 2224 340 ssorezia—

175 385 308 423 num,
334 372 556 414 translata
581 377 690 413 sunt
712 386 719 413 :

466 501 610 539 Τιτυω
639 514 678 539 m
708 513 856 540 comen
886 500 984 540 Mpf.
1554 501 1697 539 Trrum
1726 515 1764 540 IN
1795 515 1942 541 comm:
1974 503 2058 541 Md.

174 589 217 631 S.
245 589 430 631 Genesii
455 591 793 644 martyrium...
1383 590 1610 631 Genesius

175 666 217 707 S.
247 666 504 708 Columbae
527 667 727 720 virginis
751 666 1090 720 martyrium...
1383 666 1613 708 Columba
1638 667 1729 710 V...
1756 672 1799 709 et
1822 668 1922 710 M...

174 742 217 784 S.
236 742 495 784 'Leocadiae
519 744 719 796 virginis
744 743 1083 797 martyrium...
1383 743 1606 784 Leocadia
1630 744 1762 797 virgo

170 819 517 874 (Laetaniarum
542 821 854 874 originem)...

173 896 217 938 S.
245 896 476 938 Marcialis
501 897 806 938 historiam...
1382 897 1612 939 Marcialis

173 973 217 1016 S.
244 973 453 1015 Mametis
477 974 815 1028 martyrium...
1381 975 1607 1016 Mammes
1632 974 1690 1017 M.

169 1049 226 1092 de
249 1049 402 1091 Marco
427 1051 634 1092 Antonio
658 1051 997 1105 imperatore...
1381 1050 1561 1092 Marcus
1587 1051 1855 1092 Antoninus
1879 1052 2135 1106 imperator

172 1127 217 1170 S.
242 1126 482 1169 Michaelis
507 1127 779 1181 archangeli
805 1126 1097 1180 magnalia...
1380 1127 1577 1169 Michael
1601 1128 1915 1181 archangelus

170 1203 364 1246 Neronis
388 1204 556 1258 imper.
586 1204 897 1248 Historiam...
1384 1205 1499 1246 Nero
1523 1205 1780 1259 imperator

170 1281 227 1323 de
250 1281 398 1322 Nerva
421 1281 760 1335 imperatore...
1383 1282 1529 1323 Nerva
1552 1282 1808 1336 imperator

168 1357 409 1410 (Dentium
433 1357 816 1412 proprietates)...

169 1434 224 1476 de
248 1434 462 1489 Longino
486 1435 830 1478 Centurione...
1383 1437 1623 1490 Longinus
1648 1436 1784 1478 miles

169 1512 304 1554 Pilati
330 1513 624 1566 originem...
1382 1513 1557 1555 Pilatus
1579 1527 1658 1555 rex

169 1589 376 1644 Virginis
399 1590 647 1632 cuiusdam
672 1590 942 1645 antioquiae
971 1591 1275 1634 historiam...
1382 1591 1524 1644 Virgo
1548 1590 1785 1632 antiochie

256 1740 388 1793 stllilq.
420 1766 478 1774 —
511 1741 562 1783 In
599 1743 760 1784 codice
792 1743 975 1784 XXXIX
1011 1743 1233 1785 soliorum
1265 1743 1404 1785 ΧΥΙΙο
1438 1743 1623 1785 53601110
1652 1747 1836 1785 exarato
1863 1743 1943 1799 qui
1976 1744 2025 1784 in
2058 1742 2228 1784 Biblio—

166 1819 302 1862 theca
335 1819 479 1873 regali
512 1821 777 1861 matritensi
815 1821 902 1862 hac
935 1825 1046 1862 nota
1080 1821 1220 1863 2—J-5
1252 1826 1296 1862 et
1337 1821 1533 1862 VIM-5
1570 1821 1696 1876 (uide
1735 1835 1780 1875 p.
1825 1821 1898 1875 22)
1938 1824 2225 1862 asseruatur¹

166 1900 211 1939 et
231 1897 331 1939 eius
354 1898 509 1951 primo
535 1897 647 1938 folio
666 1896 957 1951 adscriptum
981 1903 1050 1940 est
1072 1915 1092 1936 «
1115 1898 1170 1940 de
1195 1899 1237 1939 la
1262 1898 1482 1940 bibliotha
1506 1897 1579 1939 del
1604 1898 1713 1939 collo
1732 1911 1894 1952 mayor
1918 1897 1973 1939 de
1996 1897 2182 1939 Cuenca
2206 1914 2223 1936 »

166 1973 390 2028 leguntur
417 1979 631 2028 excerpta
656 1974 813 2029 aliqua
841 1988 895 2016 ex
923 1976 1144 2030 operibus
1168 1975 1394 2017 Iohannis
1418 1976 1479 2016 ita
1503 1976 1741 2030 incipiunt
1763 1989 1770 2016 :
1808 1992 1824 2013 «
1848 1975 2040 2028 Egidius
2064 1976 2228 2016 Zamo-

166 2051 317 2093 rensis
344 2052 527 2106 primus
557 2055 713 2093 tomus
744 2065 939 2093 suorum
973 2065 1187 2107 operum.
1216 2052 1365 2094 Litera
1395 2054 1447 2093 A.
1484 2053 1675 2094 Alaricii
1701 2053 1836 2106 Regis
1870 2052 2119 2093 historiam
2153 2051 2227 2093 his

166 2128 305 2170 refert
335 2129 593 2171 verbis...»
633 2154 692 2159 —
730 2129 903 2170 «Idem
942 2129 1135 2183 Egidius
1174 2129 1254 2170 ubi
1296 2143 1437 2184 supra
1475 2130 1530 2171 de
1569 2130 1765 2183 Algacer
1797 2129 2086 2183 philosopho
2130 2129 2228 2170 uita

166 2205 383 2249 scribit...
405 2222 421 2244 η
439 2230 495 2237 -
522 2205 685 2247 «Idem
708 2206 897 2260 Egidius
917 2206 1035 2248 Dict.
1064 2221 1079 2247 1
1104 2211 1217 2247 tom.
1240 2207 1309 2248 lit.
1331 2208 1383 2248 A.
1405 2206 1461 2248 de
1480 2206 1623 2262 Apele
1642 2207 1875 2248 Heremita
1897 2207 1958 2247 ita
1976 2206 2225 2248 scribit...»

167 2306 223 2313 —-
249 2282 415 2324 «Idem
440 2282 632 2337 Egidius
655 2283 735 2324 ubi
762 2297 902 2337 supra
924 2284 980 2325 de
1004 2284 1207 2325 Avicena
1233 2285 1293 2325 ita
1319 2285 1539 2325 affatur...
1566 2301 1583 2323 »
1609 2310 1666 2314 —
1693 2300 1711 2322 «
1735 2284 1862 2325 Idem
1887 2283 2078 2337 Egidius
2103 2282 2224 2325 Dict.

171 2374 185 2401 1
232 2362 347 2402 tom.
394 2360 463 2402 lit.
511 2361 558 2402 B.
609 2361 807 2402 Bambae
852 2362 974 2415 regis
1019 2361 1267 2402 historiam
1313 2362 1375 2403 ita
1420 2362 1615 2404 refert...
1649 2378 1665 2399 n
1713 2386 1769 2391 -
1817 2377 1834 2400 «
1862 2360 1993 2402 Idem
2036 2359 2226 2413 Egidius

165 2436 284 2478 Dict.
311 2437 467 2491 primo
487 2441 616 2479 tomo
641 2437 708 2479 lit.
740 2438 785 2478 Β.
816 2438 1053 2479 Brandani
1079 2438 1308 2480 Eremitae
1337 2439 1643 2480 historiam...
1671 2455 1688 2477 n

254 2513 388 2565 Quod
414 2528 437 2556 e
467 2516 623 2569 primo
647 2519 776 2556 tomo
805 2519 1009 2557 extracta
1038 2528 1136 2557 esse
1170 2515 1249 2556 illa
1282 2516 1627 2569 significantur,
1661 2529 1770 2557 cum
1805 2528 1859 2557 eo
1888 2515 2017 2569 quod
2047 2514 2094 2555 in
2121 2514 2226 2555 cod.

165 2590 417 2632 floreziano
456 2591 720 2633 declaratur
755 2593 990 2646 congruit.
1034 2592 1159 2634 Inter
1202 2596 1358 2634 autem
1403 2606 1454 2634 ea
1499 2593 1720 2648 capitula,
1761 2593 1875 2635 haec
1916 2605 2011 2633 non
2057 2592 2105 2632 in
2145 2592 2229 2632 sso-

166 2668 350 2709 reziano
373 2668 704 2711 inueniuntur.

470 2792 616 2830 T1TUL1
645 2805 684 2830 lx
715 2805 863 2831 600166
894 2792 1003 2843 Mrg.
1548 2794 1693 2832 Tri-Um
1722 2806 1760 2832 lx
1790 2806 1937 2832 6001613
1968 2792 2052 2831 Md.

165 2881 221 2923 de
244 2880 441 2935 Algacer
462 2881 754 2936 philosopho
1379 2883 1563 2938 Algarel
1587 2882 1690 2938 (sic)
1713 2882 2028 2937 philosophus

165 2957 221 3000 de
245 2959 388 3013 Apele
413 2959 607 3001 eremita
1381 2960 1564 3014 Apelles
1588 2961 1779 3001 eremita

165 3036 221 3077 de
246 3036 448 3077 Avicena
1380 3039 1581 3079 Avicena
1606 3037 1921 3091 philosophus

164 3112 401 3154 Brandani
424 3113 652 3154 Eremitae
677 3113 981 3156 historiam...
1381 3115 1655 3155 Brandanus
1677 3115 1868 3155 eremita

253 3260 384 3302 Nunc
407 3273 521 3302 uero
545 3260 600 3302 de
625 3260 772 3302 titulis
795 3262 1041 3316 utriusque
1064 3263 1219 3316 operis
1244 3262 1291 3303 in
1313 3262 1472 3303 codice
1496 3261 1571 3302 Md
1595 3275 1703 3302 cum
1727 3261 1847 3302 libro
1872 3261 1926 3302 de
1957 3260 2223 3302 Praeconiis

165 3337 419 3392 Hispaniae
449 3336 552 3394 (qui
590 3350 614 3378 3
653 3345 752 3378 220ο
782 3337 839 3378 ad
868 3339 1001 3379 311¹¹¹¹¹
1033 3338 1200 3380 folium
1231 3343 1281 3380 ut
1309 3339 1487 3380 dictum
1518 3343 1586 3379 est
1620 3353 1664 3393 p.
1700 3352 1751 3379 22
1783 3338 1978 3390 obtinet)
2011 3337 2218 3378 contenti

164 3413 296 3468 loqui
328 3414 423 3455 iam
456 3418 642 3468 tempus
676 3418 758 3455 est.

251 3535 277 3554 ι.
303 3523 429 3554 Eadem
455 3524 622 3554 uidelicet
645 3534 682 3555 36
707 3526 878 3563 superior.
910 3526 1003 3556 Nihil
1031 3527 1125 3556 enim
1153 3526 1251 3555 aliud
1280 3527 1314 3556 in
1342 3526 1441 3556 illius
1468 3524 1701 3555 Bibliothecae
1728 3526 1826 3555 libris
1854 3526 2020 3555 hactonus
2048 3524 2222 3553 indicatur

164 3580 272 3610 quam
299 3581 316 3599 (ι
329 3571 401 3601 5313
415 3580 430 3599 »
462 3571 628 3611 (exedra),
656 3574 690 3603 et
718 3583 732 3602 «
748 3574 909 3603 estante»
932 3572 1212 3612 (repositorium)
1243 3576 1276 3603 et
1308 3574 1485 3612 «pluteo»
1512 3572 1779 3611 (loculamenta)
1810 3574 1843 3601 in
1877 3572 2006 3611 quihus
2032 3572 2220 3601 collocatus

165 3619 414 3657 unusquisque
437 3621 498 3649 est.
