2405 4009
171 252 219 289 38
697 263 794 296 Qun
825 263 871 289 nx
904 262 1011 288 uus·
1044 262 1223 288 scnwris
1255 262 1385 288 11111115
1415 260 1684 288 esacwurva

172 352 489 393 franciscanae
533 352 954 406 compositionem:
1003 365 1113 393 nam
1161 351 1260 406 ipse
1303 350 1358 392 (10
1404 350 1611 392 Archino
1648 349 1796 392 dicit:
1843 366 1860 387 u
1888 349 2020 391 cuius
2061 349 2217 404 operis

173 429 218 467 ui
261 427 395 469 fallor
432 429 568 468 1111100
602 428 727 469 adest
762 432 916 469 tomus
950 428 1239 469 secundus..
1262 443 1306 474 »ς
1346 441 1428 469 1100
1461 446 1477 464 u
1509 427 1555 467 ni
1593 426 1730 469 fallor
1756 443 1774 463 11
1808 426 1999 467 dixisset
2036 425 2127 467 nisi
2166 438 2219 468 ea

172 504 439 545 memoriter
462 505 768 558 exposuisset.
810 505 894 545 Nec
926 504 1051 559 quod
1085 504 1322 557 Wadding
1353 508 1396 545 et
1426 503 1586 545 1)(’11-113
1615 506 1909 545 asseruerant
1940 502 2105 544 habuit
2137 515 2221 544 cur

174 580 415 624 refelleret.
451 595 558 622 cum
594 582 690 635 ipse
724 581 767 622 111
802 582 927 635 quod
963 582 1143 622 uiderat
1175 582 1335 621 animo
1367 580 1675 622 obliterasset.

262 733 291 773 1ζ
315 733 475 774 codice
500 731 575 776 Md
599 733 688 775 iam
722 735 1039 787 comperimus
1071 735 1117 773 in
1151 733 1355 774 Archino
1387 733 1474 773 sub
1505 732 1707 774 litteram
1743 732 1773 773 F
1805 732 1975 773 remitti
2000 731 2222 773 lectorem

172 810 226 850 ad
252 811 489 850 Tractatus
513 810 751 861 generales
782 815 822 851 et
855 809 1075 864 speciales
1105 810 1160 850 de
1188 809 1491 860 animalibus,
1527 809 1582 850 de
1610 808 1795 858 auibus,
1831 808 1885 850 de
1918 808 2221 849 arboribus...

173 887 228 928 (10
259 886 552 928 coloribus...
589 887 642 927 (10
675 887 992 927 electum-iis...
1021 886 1146 939 (uide
1172 901 1213 940 p.
1243 887 1333 941 1191,
1360 890 1446 928 etc.
1482 885 1601 936 Quid
1639 889 1771 926 erant
1799 884 1866 926 illi
1898 884 2146 926 tractatus?
2178 883 2223 926 Si

171 965 276 1018 quis
309 963 447 1017 paulo
477 968 580 1004 aute
614 965 752 1003 etiam
790 964 893 1002 reici
923 962 1142 1003 lectorem
1174 962 1228 1002 ad
1263 963 1500 1016 quendam
1531 962 1796 1004 'ri-actatum
1827 962 1883 1004 de
1914 961 2227 1003 sacramentis

177 1041 404 1080 uotauerit
430 1055 435 1079 :
464 1061 478 1075 ..
501 1040 707 1080 l-lerenia
731 1040 891 1079 unctio
913 1041 1175 1093 requiratur
1197 1040 1241 1079 in
1265 1043 1456 1080 tractatu
1477 1039 1532 1080 (10
1556 1040 1867 1081 Sacramentis
1893 1040 1938 1079 in
1965 1039 1992 1080 S
2018 1038 2224 1090 littera»,

178 1130 450 1171 persuasum
479 1117 553 1156 ille
580 1116 766 1156 babebit
792 1129 897 1156 eum
926 1120 1168 1156 tractatum
1197 1129 1289 1155 non
1315 1115 1442 1156 aliud
1468 1129 1566 1158 esse
1591 1130 1730 1170 quam
1755 1116 2006 1157 articulum
2036 1112 2228 1170 aliquod

176 1192 386 1234 Arelliui.
422 1196 461 1232 et
493 1193 812 1232 coniecturam
858 1191 988 1233 duxit
1028 1193 1257 1246 optimam
1303 1193 1452 1232 scriba
1499 1192 1776 1233 lloreziauus
1819 1192 1933 1233 dum
1972 1192 2085 1233 huic
2124 1191 2229 1233 1000

176 1269 398 1309 adscribit
425 1283 430 1307 1
462 1286 476 1303 ‹-
506 1269 613 1308 Nota
643 1282 731 1322 que
756 1269 1059 1321 )(1(“1111011(1(1
1090 1282 1180 1322 que
1203 1273 1322 1310 estas
1347 1270 1482 1309 obras
1506 1283 1595 1323 que
1619 1270 1706 1310 cita
1734 1269 1772 1310 01
1802 1272 1936 1310 autor
1959 1281 2043 1310 son
2068 1267 2230 1310 titulos

177 1345 248 1386 (101
274 1347 530 1385 armarium
556 1346 910 1398 seripturarum.
942 1346 995 1386 La
1025 1359 1159 1385 razon
1191 1359 1256 1393 es,
1283 1346 1317 1385 si
1347 1359 1407 1386 no
1433 1359 1504 1386 me
1528 1350 1730 1399 engrano,
1753 1358 1931 1400 porque
1954 1344 2151 1399 algunas
2174 1343 2231 1387 de

179 1422 242 1462 las
267 1436 355 1476 que
379 1423 464 1463 cita
494 1437 517 1475 y
542 1421 889 1475 coi-responden
915 1421 937 1462 a
962 1422 1026 1462 las
1059 1422 1194 1463 letras
1218 1435 1308 1476 que
1333 1422 1424 1462 han
1450 1422 1664 1476 quedado
1693 1423 1767 1463 (101
1802 1422 2069 1463 Armarium
2099 1424 2229 1463 081311

178 1499 386 1553 aquellos
428 1500 624 1539 niis-mos
664 1499 824 1539 titulos
864 1499 988 1552 aqui,
1018 1513 1057 1542 v,
1086 1513 1129 1551 g.
1166 1498 1228 1540 De
1261 1498 1518 1549 coloribus,
1552 1499 1607 1540 de
1644 1499 1927 1553 electuariis,
1962 1502 2049 1540 etc.
2086 1497 2151 1539 No
2185 1510 2233 1540 se

182 1576 361 1629 pueden
402 1575 683 1629 cmnprobar
720 1574 788 1615 los
828 1574 988 1616 demas
1019 1588 1109 1629 que
1143 1589 1280 1629 pone,
1314 1588 1399 1629 por
1424 1579 1609 1629 quanto
1647 1575 1789 1616 saltan
1828 1576 1893 1617 las
1924 1575 2061 1617 letras
2090 1573 2114 1616 3
2135 1587 2233 1630 *que

179 1652 540 1705 corresponden.
568 1668 584 1686 11

271 1729 450 1768 illenim
487 1729 531 1768 in
559 1728 705 1769 littera
746 1731 777 1767 (ἰ
816 1728 978 1769 titulus
1006 1728 1265 1770 «Colorum
1299 1730 1476 1783 species
1501 1732 1545 1770 et
1567 1728 1927 1783 proprietates»,
1956 1729 2003 1770 in
2027 1727 2178 1771 littera
2202 1727 2234 1770 E

181 1805 342 1845 titulus
372 1819 388 1843 «
413 1805 725 1846 lilectuarium
751 1805 1108 1846 confectiones»
1142 1806 1399 1847 inuenitur.
1433 1805 1671 1847 'l'ractatus
1704 1806 1847 1859 igitur
1876 1805 1944 1846 1111
1976 1805 2032 1848 (10
2060 1806 2235 1861 quibus

182 1896 312 1935 supra
339 1881 560 1932 agebatur
583 1895 675 1923 non
701 1886 831 1923 erant
855 1895 993 1936 opera
1030 1886 1254 1936 separata.
1283 1882 1482 1937 Ideoque
1510 1882 1749 1935 generales
1778 1882 1875 1934 alii,
1906 1881 2131 1937 speciales
2153 1881 2234 1924 alii

180 1963 325 2000 erant.
361 1958 502 2012 quod,
538 1972 645 2000 eum
680 1960 798 2000 circa
833 1972 974 2000 omne
1012 1972 1166 2000 rerum
1207 1959 1278 2001 uel
1319 1958 1599 2000 animalium
1647 1972 1796 2013 genus
1840 1963 2149 2014 uerterentur,
2185 1959 2234 2000 in

184 2040 331 2089 partes
368 2036 533 2088 digesti
569 2040 610 2077 et
645 2037 825 2076 minute
858 2036 1032 2077 concisi
1069 2040 1201 2077 erant
1233 2035 1492 2077 secundum
1526 2049 1693 2089 genera
1728 2040 1771 2077 ct
1803 2039 1954 2090 partes
1986 2035 2236 2090 generibus

183 2113 427 2153 subiectas.
458 2113 610 2153 Vnum
633 2117 788 2153 autem
812 2126 864 2153 ex
892 2112 984 2153 illis
1010 2113 1280 2154 tractatibus
1314 2113 1541 2154 habemus
1576 2113 1622 2153 in
1656 2113 1857 2155 Historia
1891 2112 2090 2154 naturali
2127 2126 2236 2154 cum

184 2203 266 2228 suo
291 2189 425 2229 titulo
449 2193 488 2230 et
514 2203 598 2230 suo
627 2207 643 2225 «
666 2190 833 2243 incipit
852 2190 1034 2244 ›·.quasi
1060 2189 1320 2244 capitulum
1347 2190 1393 2230 in
1421 2189 1566 2231 libro:
1585 2191 1621 2231 is
1639 2189 2002 2231 051((Τ130131118
2021 2189 2238 2245 specialis

183 2266 236 2306 (10
260 2266 425 2306 auibus
449 2270 491 2306 et
514 2267 677 2307 ceteris
702 2266 974 2307 uolantibus
997 2267 1053 2307 al)
1072 2282 1093 2306 a
1116 2266 1263 2308 littera
1291 2267 1629 2321 incipientibus
1646 2283 1683 2308 ».
1707 2266 1832 2308 Inter
1854 2265 1981 2321 quod
2004 2271 2048 2309 et
2069 2267 2240 2308 articu-

188 2343 283 2383 lum
313 2360 328 2375 ⁴1
347 2344 502 2383 oiseau
523 2361 538 2379 ι)
561 2343 684 2397 apud
711 2360 728 2380 (ι
749 2343 1070 2384 Dictionnaire
1097 2343 1318 2384 Larousse
1337 2361 1352 2381 ·›
1375 2343 1450 2385 uel
1468 2343 1592 2398 apud
1616 2343 1835 2385 «Grande
1858 2342 2200 2398 Eneyclopedie
2216 2358 2234 2381 1)

188 2420 275 2460 hoc
301 2419 469 2460 differt.
492 2420 615 2474 qnod
643 2434 735 2460 non
761 2420 815 2461 (10
839 2420 1063 2461 omnibus
1087 2420 1254 2461 auibus
1280 2421 1326 2461 in
1352 2434 1447 2461 uno
1470 2420 1667 2462 articulo
1687 2420 1764 2462 sed
1789 2424 1971 2462 tantum
1995 2420 2052 2462 de
2075 2420 2133 2461 iis
2156 2419 2237 2474 qui

188 2511 208 2535 a
237 2497 381 2537 littera
412 2499 443 2537 A
481 2498 714 2550 incipiunt
745 2497 820 2538 1110
853 2498 949 2550 agit
976 2498 1200 2551 antiquus
1224 2501 1400 2547 auctor,
1427 2501 1470 2539 01
1501 2497 1722 2551 deinceps
1749 2498 1794 2538 in
1826 2497 2037 2551 singulas
2064 2497 2239 2539 litteras

191 2575 329 2613 buius
356 2573 479 2614 modi
503 2573 751 2627 specialem
777 2578 1021 2615 tractatum
1043 2574 1099 2615 (10
1121 2574 1289 2614 auibus
1308 2574 1609 2615 constituisse
1632 2573 1836 2625 uidetur,
1859 2577 1909 2615 ut
1928 2577 1991 2615 tot
2015 2572 2239 2628 speciales

190 2649 260 2690 uel
296 2650 533 2700 generales
568 2654 786 2691 tractatus
820 2650 873 2690 de
911 2650 1075 2691 eodem
1116 2663 1285 2704 genere
1321 2664 1474 2691 rerum
1513 2650 1874 2704 animaliumue,
1910 2654 2026 2705 quot
2059 2649 2239 2691 litterae

189 2727 408 2776 existunt,
438 2727 626 2767 sortasse
652 2727 924 2767 formauerit
949 2726 1215 2781 aliquoties.
1244 2727 1396 2781 Neque
1420 2727 1610 2781 agmine
1638 2727 1914 2768 continuato
1943 2739 2108 2768 omnes
2130 2739 2240 2768 aues

190 2817 387 2856 quarum
412 2804 602 2843 nomina
625 2803 772 2843 littera
796 2805 827 2843 A
852 2804 1087 2856 incipiunt
1108 2802 1393 2855 indicantur,
1409 2804 1487 2845 sed
1508 2804 1776 2859 separatim,
1793 2807 1836 2845 et
1855 2804 1957 2858 ipso
1976 2803 2080 2844 loco
2097 2815 2239 2858 quem

191 2879 512 2933 alphabeticus
531 2879 646 2920 ordo
671 2879 898 2931 exigebat,
928 2880 984 2919 ita
1012 2884 1059 2920 ut
1087 2897 1103 2915 a
1122 2879 1321 2921 Alaudes
1342 2880 1445 2934 (sic)
1468 2894 1576 2922 aues
1595 2898 1611 2918 »
1636 2884 1740 2934 post
1759 2879 1974 2922 Alaniam
1997 2880 2240 2934 regionem

191 2961 230 2996 et
255 2974 271 2989 υ
293 2959 412 2996 Anas
430 2957 530 2995 auis
550 2976 565 2990 ›»
585 2960 686 3009 post
708 2955 1000 2996 Anaeardum
1022 2957 1194 2997 ueniat.
1216 2956 1335 3010 Ergo
1353 2958 1527 2998 errauit
1545 2956 1634 2997 San
1656 2956 1879 3008 Antonio,
1896 2957 1975 3011 qui
2003 2956 2109 2998 illos
2127 2960 2241 2998 trao-

193 3037 312 3073 tatus
336 3031 525 3086 aliquod
556 3046 672 3086 opus
697 3032 910 3085 generale
935 3036 978 3073 et
1004 3033 1205 3086 speciale
1229 3046 1328 3074 esse
1351 3033 1407 3074 ab
1433 3033 1639 3075 Archino
1664 3033 1907 3075 diuersum
1932 3033 2238 3086 existimauit;

195 3118 301 3146 nam
333 3106 486 3159 ipsum
515 3107 774 3149 Arelliuum
805 3110 1114 3150 constituunt.
1145 3110 1229 3151 Sed
1263 3110 1310 3150 in
1344 3110 1437 3151 alio
1467 3109 1697 3165 opusculo
1728 3110 1851 3151 hanc
1884 3122 1981 3150 rem
2013 3108 2237 3152 tractabo.

284 3258 333 3299 In
362 3258 497 3300 Libro
520 3259 575 3301 de
602 3261 862 3302 l‘raeeoniis
888 3262 1137 3317 Hispaniae
1159 3267 1202 3304 et
1227 3264 1272 3304 in
1299 3263 1434 3305 Libro
1453 3263 1509 3305 (10
1529 3263 1793 3304 Praeconiis
1816 3262 2019 3304 ciuitatis
2038 3262 2242 3304 Numan-

195 3336 317 3376 tinae
351 3349 445 3376 non
495 3337 634 3377 semel
684 3339 921 3390 quendam
972 3338 1159 3380 Librum
1204 3339 1260 3380 de
1303 3340 1462 3381 Mundi
1512 3339 1738 3381 aetatibus
1775 3339 1851 3381 uel
1899 3338 1955 3380 de
2002 3338 2241 3380 Aetatibus

197 3411 427 3453 lohannes
464 3413 597 3454 citat:
641 3414 858 3456 «Deinde
898 3417 1173 3470 superuenit
1209 3416 1478 3457 dominium
1515 3416 1771 3470 gothorum
1810 3429 1831 3456 z
1871 3415 2060 3456 durauit
2093 3427 2242 3469 usque

196 3488 248 3528 ad
277 3501 431 3541 regem
455 3489 718 3531 rodericum
744 3491 821 3544 qui
850 3492 936 3532 fuit
958 3491 1152 3533 ultimus
1178 3506 1252 3534 rex
1277 3493 1531 3546 gothorum
1556 3492 1642 3533 sub
1665 3505 1760 3546 quo
1788 3495 1880 3533 tota
1903 3490 2132 3545 hyspania
2156 3489 2243 3531 fuit

196 3564 251 3603 ab
273 3564 490 3605 arabibus
514 3570 737 3620 occupata
762 3572 803 3608 et
835 3569 974 3609 etiam
1006 3569 1229 3623 dissipata
1257 3570 1303 3610 in
1328 3583 1403 3611 013
1428 3568 1877 3624 septimgentesima.
1904 3567 2013 3608 Lllfl.
2038 3567 2241 3621 exceptis

195 3640 433 3694 aliquibus
464 3642 674 3695 partibus
708 3644 754 3684 in
789 3646 1025 3685 montanis
1058 3646 1338 3687 asturiarum
1371 3646 1563 3699 hixcaye
1590 3644 1782 3686 rueonie
1815 3657 1836 3684 z
1869 3642 2090 3697 aragonie
2121 3642 2242 3684 sicut
