2405 4009
187 257 235 299 38
713 262 811 295 min
840 260 887 287 m
918 258 1025 285 mxv
1057 257 1236 283 SCRthS
1267 253 1397 281 mnus
1427 249 1694 279 νιειιοιΡιΑτνιι

275 354 493 408 Sequitur
517 363 674 393 reuera
697 348 920 391 articulus
945 347 1000 389 de
1025 343 1235 387 Aceist.

276 432 337 471 lta
360 434 468 471 teste
498 428 704 468 Iohanne
729 425 862 466 Liher
885 423 1139 465 illustrium
1165 432 1469 476 personarum
1490 417 1680 459 breuior
1696 428 1837 470 quam
1857 414 2089 457 Archinus
2111 418 2224 468 erat,

185 513 224 548 et
249 507 302 548 ad
330 507 456 547 hunc
479 518 531 545 cx
559 503 638 545 illo
674 502 860 544 reicitur
892 501 1050 549 lector,
1088 503 1310 551 tanquam
1343 494 1399 535 ad
1434 491 1692 548 principale
1715 504 1849 545 opus.
1884 490 2011 533 Adde
2040 491 2165 546 quod
2189 491 2227 533 si

187 585 342 625 minus
367 586 487 623 totus
513 579 759 622 Arebiuus.
787 590 891 631 pars
914 575 1069 629 aliqua
1094 573 1229 624 (liber
1253 571 1432 626 primus
1465 568 1627 610 saltem
1663 566 1859 623 scilicet)
1890 571 1990 609 tum
2018 567 2229 610 confecta

186 662 276 700 iam
300 664 410 701 erat.
437 671 543 698 cum
569 656 701 697 Liber
726 652 978 695 illustrium
1006 661 1311 705 personarum
1336 644 1721 688 constituebatur.
1751 642 1984 685 Librarius
2006 643 2224 698 denique,

183 738 261 790 qni
302 740 458 776 initam
498 733 554 774 de
593 730 793 773 Abs-aton
835 727 1081 781 adscripsit
1119 729 1195 766 aut
1236 737 1329 765 uon
1365 724 1411 763 in
1453 720 1670 762 manibus
1707 719 1965 761 Archiuum
2009 720 2224 774 babebat,

184 819 259 855 ant
298 813 374 854 ille
405 812 521 853 liber
551 816 642 852 tam
667 820 858 850 enorme
890 810 981 848 erat
1018 808 1067 845 ut
1097 802 1347 845 articulum
1380 802 1425 842 in
1459 813 1513 841 eo
1546 799 1815 854 perquirere
1845 809 2073 850 magnum
2108 809 2228 852 opus

185 890 445 931 haberetur.

267 967 449 1019 Septem
470 969 622 1004 antem
644 962 782 1002 tomis
801 973 893 1000 non
916 958 1120 1012 potuisse
1139 956 1239 1010 capi
1261 954 1419 995 omnia
1439 966 1577 1008 opera
1599 951 1821 993 lobannis
1840 963 1948 991 mox
1966 948 2225 1004 apparebit.

186 1043 434 1083 Numi-rosa
481 1044 600 1080 certe
646 1039 837 1078 nouerat
891 1034 1084 1076 Moralcs
1136 1031 1362 1074 asseruari
1403 1044 1542 1085 opera
1582 1027 1806 1071 Iohannis
1850 1027 1897 1068 in
1941 1025 2228 1069 monasterio

181 1118 465 1159 zamorensi:
512 1135 526 1150 «ι
558 1116 711 1156 tienen
751 1126 807 1153 en
850 1112 889 1152 la
930 1111 1114 1151 libreria
1157 1108 1285 1150 todas
1325 1107 1390 1148 las
1430 1107 1567 1148 obras
1600 1105 1672 1147 del
1710 1105 1785 1145 Dr.
1821 1104 1892 1145 Fr.
1928 1103 2049 1163 Juan
2073 1101 2147 1145 Gil
2170 1101 2228 1146 de

182 1196 428 1235 laium-a...
461 1206 543 1232 son
573 1190 819 1231 muehas...
849 1207 865 1225 ι»
912 1187 1018 1228 Ideo
1044 1186 1202 1228 nescio
1226 1198 1301 1227 an.
1338 1187 1518 1238 praeter
1541 1186 1719 1237 septem
1752 1180 1859 1222 illos
1892 1184 2044 1222 tomos
2075 1191 2241 1222 zam0·-

183 1286 335 1311 rens-es
368 1271 451 1311 tria
487 1273 666 1309 tantum
701 1279 839 1319 opera
873 1264 1185 1305 continentes.
1223 1261 1395 1302 suerint
1427 1258 1681 1314 aliquando
1709 1271 1818 1299 cum
1851 1256 1930 1298 alii
1962 1259 2063 1298 tum
2086 1255 2155 1298 illi
2177 1256 2228 1298 in

180 1348 350 1402 quibus
378 1346 566 1386 xri-hini
599 1348 766 1398 partes.
805 1355 929 1382 nunc
953 1340 1235 1387 deficientes,
1271 1337 1489 1378 collectae
1519 1339 1688 1386 essent,
1719 1338 1763 1376 et
1794 1333 2043 1388 praecipue
2072 1336 2228 1375 tomus

181 1425 359 1477 primus
396 1421 612 1463 Ari-hini:
648 1420 745 1473 qui.
782 1422 828 1458 ut
863 1416 1159 1457 existimabat
1192 1413 1425 1455 Iohannes
1462 1412 1517 1454 dc
1551 1412 1640 1453 San
1677 1410 1896 1463 Antonio,
1930 1410 2021 1451 iam
2056 1407 2229 1451 saeculi

181 1510 296 1540 xxiii·
322 1500 484 1548 exigua
513 1501 638 1550 parte
663 1498 817 1536 exacta
850 1493 1051 1534 amissus
1081 1495 1191 1533 erat.
1220 1491 1339 1532 Cum
1364 1488 1575 1531 Ordosiez
1598 1501 1649 1530 ea
1678 1487 1969 1542 excerpcbat,
1997 1499 2116 1541 quae
2147 1498 2230 1541 per

179 1576 379 1617 scribam
410 1574 710 1614 llorezianum
736 1583 861 1611 nunc
887 1570 1214 1619 innotuerunt,
1242 1567 1436 1608 forsitan
1462 1566 1712 1620 periissent
1735 1564 1827 1605 iam
1851 1563 2046 1618 aliquot.

266 1650 393 1699 mut.
418 1675 473 1680 -
503 1649 551 1690 ln
580 1647 893 1689 Bibliothecae
924 1646 1075 1699 regiae
1106 1643 1386 1686 Matritensis
1414 1642 1570 1684 codice
1600 1645 1759 1683 notato
1795 1640 1934 1683 2-M-6
1966 1641 2012 1683 et'
2038 1639 2228 1682 vll-A-5

176 1729 330 1769 <nobis
365 1727 483 1767 Ml‘e.
520 1726 574 1766 de
609 1738 703 1778 quo
736 1724 828 1763 iam
861 1722 1062 1775 egimus,
1105 1735 1147 1775 p.
1192 1734 1237 1760 12
1269 1723 1312 1760 et
1341 1719 1396 1761 30
1427 1722 1471 1760 et
1500 1717 1576 1773 lu>
1598 1721 1781 1759 exstant
1802 1717 1982 1772 aliquot
2003 1715 2094 1759 loci
2116 1716 2228 1758 satis

176 1805 318 1858 ampli
364 1817 385 1844 e
431 1802 564 1843 Libro
610 1800 863 1841 illustrium
909 1790 1234 1852 personarum,
1282 1800 1332 1837 ut
1362 1795 1565 1847 uidetur,
1613 1794 1788 1849 sumpti
1832 1797 1969 1848 atque
2012 1805 2036 1835 e
2075 1805 2229 1836 zamo-

177 1881 388 1921 rensibus
411 1879 650 1920 codicibus
670 1878 800 1926 sorte,
826 1874 1057 1916 Laurentii
1085 1874 1290 1914 Ramirez
1316 1873 1463 1923 iussu,
1484 1871 1769 1925 transcripti.
1792 1870 1976 1912 Primus
1993 1873 2061 1912 est
2084 1870 2229 1912 «Pro-

176 1958 308 2007 logus
333 1957 377 1996 in
406 1955 593 1996 Librum
620 1953 874 1994 illustrium
899 1963 1207 2005 personarum
1226 1948 1444 1990 videlicet
1463 1947 1853 2003 patriarcharum,
1870 1946 2224 2002 prophetarum,

173 2033 435 2088 apostolum
457 2035 499 2073 et
517 2029 911 2083 evangelistarum
933 2031 1193 2081 martyrum
1211 2031 1254 2068 et
1272 2025 1652 2068 consessorum...
1672 2038 1692 2065 ³>
1715 2024 1915 2079 Incipit:
1946 2040 1963 2063 «
1979 2023 2087 2066 Post
2103 2022 2228 2066 ordi-

175 2111 410 2151 nationem
432 2122 470 2150 n:
494 2107 661 2148 desinit
686 2120 693 2146 2
726 2121 743 2143 «
767 2106 1002 2146 incurrere
1022 2103 1300 2158 pertimesco
1323 2116 1366 2154 »;
1389 2102 1521 2144 euius
1546 2100 1728 2156 prologi
1754 2101 1847 2142 iam
1867 2104 2045 2143 textum
2062 2103 2228 2143 contu-

175 2187 315 2227 limus
353 2199 459 2226 cum
490 2197 543 2226 eo
573 2196 712 2238 quem
743 2195 766 2224 e
800 2181 960 2223 codice
1000 2180 1250 2222 ssoreziano
1274 2179 1386 2234 (Md)
1417 2178 1799 2233 transcripsimus
1830 2191 1876 2232 p.
1903 2176 2228 2232 [11.,Sequitur

177 2281 192 2297 ιι
220 2263 455 2303 meditatio
495 2259 764 2314 proemialis
789 2276 806 2295 υ
841 2258 1018 2299 litterae
1052 2257 1099 2308 Β,
1135 2261 1185 2298 ut
1217 2257 1263 2297 in
1300 2254 1376 2298 Md
1406 2255 1469 2311 (p.
1498 2255 1585 2309 43).
1624 2255 1777 2296 Tertio
1802 2254 1972 2309 legitur
2006 2269 2025 2294 «
2046 2253 2150 2296 Vita
2172 2253 2222 2298 B.

176 2338 443 2393 lldephonsi
461 2336 802 2390 archiepiscopi
824 2334 1013 2377 toletani
1030 2334 1198 2388 scripta
1219 2346 1299 2388 per
1317 2333 1523 2374 Fratrem
1540 2332 1765 2374 Ioannem
1779 2330 2026 2385 Aegidium
2045 2330 2226 2373 ordinis
2274 2374 2277 2378 ,

174 2417 412 2456 minorum
444 2413 796 2454 Zamorensium
822 2431 858 2462 »,
899 2411 1220 2464 undetriginta
1251 2409 1436 2464 paginis
1465 2412 1699 2460 contenta,
1726 2411 1770 2449 et
1800 2407 1965 2462 procul
1997 2407 2143 2450 dubio
2170 2419 2226 2449 ex

173 2491 367 2532 articulo
405 2507 421 2528 a
446 2489 815 2543 Aidephonsus»
858 2492 1087 2537 extracta;
1131 2487 1298 2541 incipit
1344 2503 1362 2524 «
1386 2485 1717 2541 Aldcphonsus
1761 2484 1865 2526 sons
1909 2483 2222 2540 eloquentiae,

172 2568 322 2610 clarus
340 2572 381 2609 et
401 2567 730 2622 perspicuus...
749 2582 786 2607 n.
809 2565 980 2606 desinit
1005 2580 1020 2602 ‹-
1037 2564 1224 2617 scripsit
1239 2567 1395 2604 autem
1419 2567 1462 2604 et
1483 2562 1572 2604 alia
1592 2561 1755 2613 multa,
1771 2574 1890 2616 quae
1908 2561 2050 2603 variis
2067 2573 2225 2603 rerum

171 2660 222 2685 ac
259 2644 581 2686 molestiarum
619 2641 1008 2695 occupationibus
1048 2640 1302 2694 impeditus
1339 2639 1497 2694 aliqua
1533 2639 1734 2692 incepta,
1770 2637 1928 2692 aliqua
1966 2637 2225 2692 semiplena

173 2722 379 2775 reliquit¹
415 2719 509 2761 Deo
540 2720 694 2773 ipsum
725 2718 779 2759 ad
805 2730 851 2759 se
875 2722 1069 2758 vocante
1093 2717 1166 2758 cui
1191 2720 1259 2757 est
1283 2716 1437 2757 honor
1463 2719 1507 2757 et
1535 2714 1686 2769 gloria
1713 2727 1795 2768 per
1823 2714 2009 2755 infinita
2041 2713 2225 2756 saecula

171 2797 480 2838 saeculorum.
510 2798 655 2837 Amen
678 2817 712 2837 ··.
741 2795 855 2835 Dein
881 2811 897 2831 «
918 2794 1079 2835 The-sis
1105 2793 1281 2834 nodosa
1299 2808 1338 2847 n,
1355 2793 1410 2834 de
1433 2805 1525 2847 qua
1548 2791 1640 2834 iam
1664 2804 1709 2845 p.
1733 2791 1789 2832 3ο
1812 2790 2030 2834 disserui.
2049 2790 2223 2842 Quinto

175 2891 191 2912 ι
215 2875 314 2915 vita
352 2872 570 2914 catholici
612 2870 890 2912 ferdinandi
931 2871 1050 2924 regis
1089 2870 1211 2911 tertii
1249 2868 1473 2910 Castellae
1503 2868 1674 2922 scripta
1704 2879 1786 2922 per
1814 2864 1917 2908 R⁶⁰¹¹¹
1949 2867 2132 2910 Patrem
2163 2867 2220 2909 fr.

172 2951 394 2992 loannem
420 2949 666 3003 Aegidium
690 2949 1017 2989 Zamorensem
1043 2946 1223 2988 ordinis
1244 2946 1539 2997 minorum»,
1562 2957 1704 3000 quam
1730 2943 1826 2985 Fita
1851 2944 1899 2984 in
1927 2959 1946 2984 α
1966 2943 2149 2986 Boletin
2166 2944 2223 2987 de

171 3028 210 3068 la
238 3028 285 3068 lt.
316 3025 563 3067 Academia
582 3042 598 3063 ι)
618 3023 785 3080 edidit,
814 3027 842 3064 t.
874 3022 925 3073 Υ,
952 3036 996 3076 p.
1025 3022 1235 3076 308-319‚
1262 3025 1306 3062 et
1328 3021 1382 3062 de
1406 3034 1456 3062 ea
1481 3020 1590 3062 uide
1619 3020 1855 3062 «Bulletin
1881 3020 2219 3076 hispanique»,

171 3108 197 3144 t.
227 3103 318 3153 XV,
343 3117 385 3157 p.
410 3104 478 3151 25,
503 3105 611 3142 nota
639 3101 729 3141 33⁸.
754 3100 890 3141 Sexto
915 3112 936 3140 (ι
955 3099 1055 3140 vita
1080 3098 1312 3152 Alphonsi
1336 3097 1416 3138 nx
1434 3110 1515 3152 per
1540 3095 1642 3138 Rdum
1660 3097 1860 3150 Patrem,
1882 3096 1954 3138 Fr.
1972 3097 2222 3152 Aegidium

170 3181 362 3234 ¹scripta;
411 3179 575 3232 incipit
623 3192 644 3219 α
665 3176 944 3218 ,xldesonsus
980 3179 1173 3217 octauus
1219 3174 1343 3215 filius
1388 3174 1574 3216 comitis
1619 3173 1885 3229 Raymundi
1935 3173 2087 3216 dictus
2142 3186 2224 3217 rex

171 3256 500 3311 Hispaniarum
531 3259 573 3295 et
603 3254 906 3308 postmodum
938 3253 1192 3307 imperator
1221 3251 1373 3305 coepit
1403 3263 1598 3305 regnare
1630 3263 1706 3292 era
1734 3250 1901 3297 1146...
1925 3262 1970 3303 »3
1997 3249 2218 3306 explicit:

171 3349 189 3373 ιι
217 3334 465 3386 Quumque
509 3331 600 3372 Rex
643 3331 874 3381 Sanctius,
924 3330 1005 3384 qui
1056 3329 1243 3370 Beaciae
1292 3331 1579 3370 remanserat
1624 3328 1738 3369 haee
1786 3327 2008 3369 sensisset
2045 3327 2221 3370 relictis

167 3409 389 3452 omnibus
426 3409 506 3462 qui
548 3407 667 3449 ultra
710 3412 920 3449 montem
956 3406 1012 3448 de
1057 3404 1249 3446 Muratal
1289 3404 1654 3448 Christianitatis
1692 3403 1798 3459 (sic)
1838 3389 2122 3458 possidebat,
2162 3403 2221 3446 ad

168 3487 307 3528 sunus
349 3485 492 3540 patris
524 3484 744 3526 velociter
781 3483 1049 3539 properavit
1082 3486 1125 3523 et
1163 3495 1270 3523 cum
1309 3482 1508 3536 primate
1549 3481 1739 3533 Ioanne,
1780 3480 1862 3535 qui
1894 3483 2007 3522 tune
2043 3479 2217 3534 aderat,
2274 3477 2287 3484 ⁸

253 3666 277 3685 1.
303 3656 354 3685 Ct'.
376 3655 487 3685 Vitam
510 3654 541 3684 S.
568 3654 730 3684 ildefonsi
755 3662 772 3682 a
796 3651 933 3683 Iuliano
956 3651 1132 3690 scriptam,
1158 3651 1191 3680 in
1215 3661 1229 3681 ι
1245 3650 1375 3690 Espai'ia
1400 3650 1544 3688 sagrada
1560 3658 1590 3689 ιν,
1614 3651 1636 3681 t.
1656 3649 1695 3688 V,
1717 3658 1752 3689 p.
1777 3649 1848 3684 464.
