2405 4009
250 276 296 300 90
776 274 874 307 Qun
904 274 950 299 Ex
985 274 1091 299 unu·
1122 274 1299 300 senueris
1331 274 1460 301 umus
1490 275 1757 302 vnncu’urvn

247 364 506 404 l‘raecouiis
528 364 730 404 ciuitatis
755 364 1057 404 numantinum
1081 377 1104 404 a
1131 363 1225 405 Fita
1250 362 1428 404 editum
1451 363 1734 415 adbibuerit,
1757 364 1848 406 iam
1873 365 1985 419 quid
2016 366 2073 408 sit
2095 379 2213 421 opus
2236 367 2292 409 de

246 440 504 480 l‘ravconiis
547 439 793 492 Hispaniae
819 439 894 480 ille
920 439 1179 492 intelligere
1204 441 1387 495 poterit.
1415 441 1535 482 sicut
1557 440 1676 482 iul'ra
1700 441 2111 484 demonstrabitur.

335 515 715 557 ,xuiznmlucrtcre
738 521 805 557 est
830 517 983 571 primo
1009 530 1101 558 non
1131 530 1363 570 congruas
1386 530 1484 558 esse
1510 516 1716 559 rubricas
1739 531 1846 559 cum
1872 518 2019 559 titulis
2043 519 2089 560 in
2119 518 2292 573 praesa—

243 594 368 633 tione
408 592 690 646 praemissis.
733 593 962 637 Secundo.
1001 598 1244 635 tractatum
1285 593 1539 642 decimum,
1581 594 1615 634 si
1656 595 1855 636 rubricis
1885 595 2173 637 credendum
2207 599 2290 649 est,

248 669 430 709 nullum
457 683 554 710 esse
584 684 591 709 :
618 671 770 724 quarti
797 670 971 712 scilicet
994 676 1034 711 et
1060 672 1210 725 quinti
1237 675 1457 712 tractatus
1482 671 1641 712 titulos
1666 671 1711 712 in
1737 671 1934 726 prologo
1956 672 2222 713 enuntiatos
2245 672 2294 713 in

246 760 387 786 unam
424 747 657 787 rubricam
690 747 738 797 (s.
775 750 856 788 11⁰)
883 747 1090 787 redactos
1121 761 1234 791 esse.
1268 760 1375 788 cum
1408 748 1560 801 quinti
1601 751 1819 789 tractatus
1857 748 2041 789 rubrica
2080 747 2192 790 sotio
2229 748 2296 789 16ο

246 822 420 863 codicis
453 828 558 864 ainte
595 840 610 861 a
635 824 690 864 de
721 825 898 864 uinatio
920 838 938 863 i>
973 827 1050 864 aut
1083 839 1101 863 a
1124 829 1168 865 ut
1201 829 1354 865 autem
1385 824 1611 878 exemplis
1636 842 1652 863 n
1686 825 1931 866 scribenda
1964 830 2102 874 esset;
2129 823 2296 867 exinde

248 914 330 954 pro
355 904 481 940 sexto
510 905 700 941 tractatu
727 901 1004 954 inscriptum
1029 914 1127 941 esse
1151 901 1369 954 quintum
1396 900 1506 942 solio
1535 901 1606 947 45⁰
1628 905 1670 942 et
1695 901 1759 941 sic
1789 900 2022 955 deinceps,
2049 901 2219 954 Tertio,
2246 901 2295 943 in

248 977 443 1031 prologo
482 977 640 1018 deceni
684 978 873 1032 quidem
915 981 1132 1018 tractatus
1173 981 1353 1018 tantum
1395 978 1729 1031 praenuntiari,
1769 977 2017 1019 duodecim
2055 982 2209 1020 autem
2246 978 2294 1020 in
2348 1008 2360 1017 -v

245 1053 404 1095 codice
430 1059 587 1094 nostro
614 1055 832 1095 inueniri.

334 1130 569 1171 'l'raetatus
600 1135 753 1172 autem
787 1145 938 1172 nonus
971 1129 1072 1187 (qui
1110 1132 1319 1172 decimus
1357 1132 1446 1172 dici
1496 1131 1711 1181 debebat)
1749 1132 2104 1173 conclusionem
2140 1131 2295 1185 habet,

246 1208 318 1247 cui
346 1207 391 1247 in
418 1206 548 1247 libris
573 1208 953 1249 antecedentibus
980 1208 1096 1249 nihil
1120 1209 1298 1250 exsistit
1322 1208 1490 1253 simile,
1517 1213 1634 1250 etex
1658 1222 1707 1250 ea
1733 1209 2094 1262 intelligendum
2113 1207 2299 1251 uidetur

248 1284 338 1324 line
361 1283 486 1324 illius
511 1283 614 1324 libri
640 1285 856 1338 primitus
881 1285 1182 1326 terminatum
1211 1298 1307 1326 esse
1335 1298 1453 1339 opus
1478 1289 1625 1326 totum
1655 1298 1662 1325 :
1690 1284 1814 1339 quod
1846 1285 1985 1326 etiam
2017 1297 2070 1326 ex
2101 1284 2298 1340 prologo

248 1360 501 1413 colligitur.

335 1437 550 1478 Ceterum
572 1443 764 1493 uterque
789 1443 1006 1480 tractatus
1030 1439 1225 1480 ultimus
1249 1438 1384 1479 ualde
1404 1439 1648 1493 proprium
1667 1437 1863 1493 aliquid,
1884 1438 2023 1480 ambo
2046 1450 2298 1481 commune

248 1513 424 1569 aliquid
467 1514 651 1556 babent.
704 1515 813 1555 Nam
859 1516 1138 1556 undecimus
1181 1515 1371 1569 quidem
1418 1515 1537 1555 nibil
1586 1516 1734 1569 magis
1777 1528 1919 1570 quam
1958 1519 2202 1570 praecepta
2241 1514 2298 1558 de

250 1590 439 1631 militari
463 1597 557 1633 arte
579 1605 632 1632 ex
660 1592 846 1645 Vegetio
872 1592 1090 1646 pleraque
1124 1596 1308 1646 sumpta
1339 1592 1565 1642 continet,
1592 1593 1693 1633 sine
1723 1591 1821 1633 ullo
1852 1591 1956 1634 loco
1984 1605 2039 1634 ex
2068 1592 2297 1646 historiis,

248 1673 297 1708 ut
337 1669 381 1708 in
423 1668 601 1723 reliquo
640 1682 777 1723 opere
821 1670 916 1710 lieri
967 1669 1097 1717 solet,
1135 1669 1293 1722 petito.
1338 1668 1462 1710 Alter
1498 1673 1654 1711 autem
1694 1668 1814 1709 nihil
1854 1669 2002 1724 magis
2047 1673 2115 1711 est
2155 1681 2299 1724 quam

248 1744 461 1786 collectio
485 1745 712 1800 quaedam
741 1746 1198 1786 narratiuncularum
1224 1758 1304 1799 per
1322 1745 1537 1786 ordinem
1562 1743 1806 1787 titulorum
1837 1745 2189 1798 collocatarum,
2216 1745 2299 1801 qui

250 1821 296 1861 in
325 1820 518 1875 prologo
541 1821 747 1862 eiusdem
784 1821 888 1861 libri
930 1821 1120 1875 proprio
1152 1820 1372 1874 leguntur
1405 1822 1503 1875 pari
1539 1821 1679 1864 modo
1713 1822 2049 1877 incipientibus
2077 1821 2299 1864 omnibus

249 1898 572 1952 paragraphis.
600 1899 728 1939 uerbi
755 1899 899 1951 gratia
928 1912 934 1938 :
967 1917 982 1934 «
1012 1897 1074 1939 De
1105 1898 1316 1939 locorum
1349 1897 1613 1940 difficilium
1644 1900 1865 1941 euasione
1894 1903 2051 1941 narrat
2079 1898 2299 1953 uegecius

248 1974 431 2028 quod...
459 1998 513 2005 —
538 1974 601 2016 De
641 1975 871 2016 discordie
910 1975 1220 2016 seminatione
1266 1975 1387 2016 inter
1423 1974 1577 2016 hostes
1616 1980 1774 2017 narrat
1813 1976 2025 2030 uegetius
2062 1974 2246 2031 quod...
2277 1991 2296 2015 η

251 2050 444 2105 lleliquo
468 2056 587 2093 certe
612 2052 656 2092 in
683 2065 821 2106 opere
847 2052 963 2092 nibil
991 2051 1129 2093 uideo
1153 2051 1276 2106 quod
1300 2051 1564 2093 istiusmodi
1588 2053 1842 2095 siccitatem
1862 2057 1905 2095 et
1926 2053 2298 2095 uniformitatem

249 2127 467 2174 redoleat,
501 2130 589 2169 nisi
624 2130 669 2169 iu
702 2133 895 2170 tractatu
930 2134 1114 2179 octauo,
1148 2129 1225 2170 ubi
1263 2128 1381 2170 mala
1412 2142 1530 2183 quae
1562 2130 1902 2171 commiserunt
1928 2133 2007 2171 aut
2035 2129 2158 2184 passi
2191 2131 2299 2170 sunt

248 2218 376 2258 reges
411 2206 539 2246 sueui
575 2206 799 2260 gotliique
824 2205 921 2260 (sol.
951 2221 1004 2262 99
1036 2206 1161 2261 sqq.)
1189 2209 1446 2248 enumerat.
1480 2205 1758 2261 Quanquam
1788 2206 1825 2247 is
1858 2200 1988 2248 locus
2018 2219 2042 2247 a
2073 2205 2299 2248 Roderico

248 2282 452 2323 toletano
483 2287 713 2336 sumptus,
748 2296 839 2323 non
875 2284 933 2324 ita
966 2283 1309 2337 incompositus
1342 2283 1551 2337 quidem,
1585 2283 1732 2324 immo
1766 2282 1875 2324 satis
1911 2286 2093 2324 oratore
2124 2281 2296 2337 dignus

246 2358 435 2400 uidetur
455 2359 490 2399 si
517 2359 809 2400 conclusioni
835 2359 1103 2401 attenditur.
1138 2359 1262 2401 Nihil
1288 2359 1440 2401 simile
1471 2360 1517 2400 in
1550 2359 1671 2401 libro
1700 2358 1998 2412 duodecimo,
2029 2359 2111 2401 ubi
2142 2358 2300 2401 deficit

248 2435 363 2476 illud
383 2436 513 2490 quasi
535 2441 774 2477 arcuatum
796 2436 920 2490 quod
941 2437 1062 2478 inter
1080 2437 1272 2478 collecta
1292 2440 1336 2478 et
1354 2436 1563 2491 undique
1577 2440 1734 2478 coacta
1748 2436 1979 2490 fragmina
1994 2448 2166 2491 ponere
2183 2434 2301 2478 solet

249 2512 496 2553 lohannes,
539 2512 586 2552 lit
625 2512 747 2553 idem
781 2512 836 2554 ‹le
872 2513 1123 2553 undecimo
1160 2513 1281 2555 libro
1319 2512 1410 2555 dici
1452 2516 1619 2567 potest,
1658 2513 1706 2553 in
1740 2526 1851 2567 quo,
1895 2511 2298 2567 quemadmodum

247 2589 357 2630 artis
380 2589 596 2630 militaris
622 2589 773 2629 solent
795 2590 965 2644 exponi
993 2594 1250 2644 praecepta,
1277 2590 1337 2631 ita
1362 2590 1605 2631 sententiis
1630 2589 1885 2630 sententiae
1906 2588 2177 2630 succedunt.

338 2665 497 2706 Nescio
521 2678 578 2706 an
605 2666 711 2706 inde
735 2665 892 2720 colligi
920 2668 1066 2720 possit
1089 2667 1253 2708 ambos
1277 2667 1469 2708 ultimos
1500 2670 1721 2708 tractatus
1752 2679 1846 2707 non
1876 2665 1934 2707 ab
1960 2665 2170 2707 Iohanne
2201 2677 2299 2707 esse

249 2743 568 2797 compositos:
597 2756 867 2796 quanquam
909 2756 1033 2794 eum,
1075 2744 1155 2798 qui
1191 2744 1330 2785 liuius
1367 2743 1494 2785 modi
1528 2742 1914 2797 compilationem
1950 2742 2221 2797 susceperit,
2256 2745 2301 2784 et

251 2819 458 2873 ingentia
490 2818 698 2873 undique
736 2819 992 2872 fragmenta
1026 2821 1070 2860 in
1104 2821 1276 2862 librum
1306 2820 1442 2862 ualde
1470 2819 1776 2874 indigestum,
1814 2819 2027 2873 neglecto
2055 2823 2099 2861 et
2133 2817 2299 2861 ordine

248 2901 289 2937 et
315 2896 572 2950 proposito,
605 2897 822 2946 coegerit,
851 2910 945 2937 non
977 2897 1147 2939 babere
1178 2898 1304 2939 baud
1338 2898 1512 2939 mirum
1542 2901 1610 2939 est
1639 2897 1870 2938 rationem
1903 2899 1947 2937 et
1974 2894 2170 2937 modum
2193 2907 2299 2950 pro—

250 2973 405 3027 prium
436 2971 667 3014 scribendi
699 2973 772 3014 uel
803 2974 1138 3028 componendi,
1169 2987 1262 3029 quo
1293 2975 1496 3017 discerni
1530 2973 1692 3029 possit,
1728 2971 1842 3027 quid
1873 2971 1929 3014 ab
1956 2984 2026 3024 eo,
2058 2970 2173 3026 quid
2202 2984 2298 3013 non

254 3048 486 3104 procedat.

339 3125 389 3166 ln
427 3125 586 3167 codice
625 3131 743 3168 certe
778 3127 984 3181 parisino
1024 3127 1275 3181 praedicto,
1319 3127 1559 3170 undecimi
1593 3130 1638 3169 et
1668 3125 1935 3168 duodecimi
1959 3128 2178 3167 tractatus
2200 3137 2298 3168 non

248 3201 410 3244 eadem
448 3207 515 3244 est
558 3204 786 3257 scriptura
826 3217 876 3244 ac
913 3203 1226 3259 reliquorum3
1269 3206 1450 3247 acutior
1488 3205 1535 3245 in
1575 3203 1668 3245 illis
1707 3207 1751 3245 et
1793 3202 2051 3257 elegantior
2093 3200 2294 3243 uidetur.

249 3278 445 3334 Insuper
468 3280 513 3320 in
539 3279 631 3320 illis
655 3280 843 3334 quidem
869 3284 1003 3322 notae
1027 3294 1143 3335 quae
1168 3281 1332 3323 litteris
1356 3295 1439 3336 pro
1470 3282 1619 3323 littera
1643 3294 1670 3321 n
1696 3283 1775 3321 aut
1798 3292 1844 3320 m
1868 3278 2162 3336 superposita
2191 3280 2300 3320 sunt

248 3369 413 3410 parum
450 3355 602 3410 longis
633 3356 873 3408 tractibus,
910 3358 956 3398 in
989 3358 1181 3412 reliquis
1211 3363 1367 3400 autem
1402 3358 1533 3400 libris
1564 3357 1752 3412 punctis
1785 3356 1953 3398 crassis
1985 3359 2031 3397 et
2060 3353 2298 3410 quadratis

252 3433 413 3485 liguris
450 3446 567 3487 quae
604 3432 790 3474 rhombi
830 3434 1052 3475 dicuntur
1097 3434 1329 3476 similibus
1368 3437 1600 3476 constant.
1645 3432 1815 3476 Littera
1851 3433 1992 3474 etiam
2024 3445 2054 3486 g
2097 3431 2299 3474 maxime

252 3509 494 3549 dissimilis
537 3513 618 3549 est.
649 3509 870 3552 ltubricae
914 3524 1025 3552 uero
1068 3511 1114 3551 in
1155 3511 1249 3552 illis
1297 3511 1408 3552 solis
1453 3511 1671 3566 repetitae
1710 3513 1820 3552 sunt
1862 3508 2058 3550 summis
2098 3507 2298 3562 singulis

254 3586 458 3639 paginis:
495 3585 651 3626 nullae
680 3585 883 3640 denique
912 3587 960 3627 in
993 3588 1204 3641 margine
1238 3587 1420 3629 additae
1449 3592 1559 3629 sunt
1590 3587 1861 3640 sententiae,
1891 3588 2053 3628 contra
2083 3596 2226 3639 quam
2247 3583 2297 3625 in

256 3663 415 3701 creti-ris
441 3661 611 3703 sactum
637 3666 704 3703 est
727 3661 851 3710 (uide
884 3677 928 3716 p.
957 3663 1044 3718 27).
1083 3663 1209 3705 Adde
1245 3664 1388 3718 quod,
1423 3667 1602 3718 praeter
1632 3663 1811 3718 aliquot
1843 3662 1972 3704 locos
2002 3661 2053 3703 in
2087 3659 2299 3715 margine
