2405 4009
729 222 780 248 DE
810 222 1050 249 PRAECONHS
1079 223 1281 249 CIVITATIS
1311 223 1570 250 NVMANTINAE
2124 219 2172 255 25

117 329 143 357 a
165 326 334 356 neuma
356 326 392 353 s.
419 324 501 366 per
522 324 553 352 u
577 311 816 365 scriptam.
839 328 857 350 υ
884 335 941 343 —
964 312 1005 352 3.
1041 311 1225 353 Omittit
1249 328 1269 349 «
1295 312 1532 354 malebant
1554 313 1683 354 enim
1788 319 1839 356 ut
1863 316 2023 368 ignaui
2048 334 2085 357 n.
2116 343 2169 348 —

122 392 162 433 6.
200 390 300 431 Non
333 388 474 429 habet
507 391 738 442 «propter
771 401 817 428 se
848 401 1054 442 namque
1085 388 1212 428 tubal
1346 389 1691 442 prelibatum».
1742 414 1797 421 —-
1842 391 1920 443 111,
1968 406 1989 432 2
2036 397 2080 433 ct
2124 393 2164 434 3.

118 466 300 510 Omittit
336 465 434 519 (sed
466 465 512 505 in
548 468 743 505 tractatu
776 468 943 518 quarto
984 464 1334 518 paragraphum
1376 479 1396 505 2
1433 466 1574 506 habet
1618 479 1764 521 paene
1801 468 2074 521 integrum).
2116 494 2171 500 ——

119 544 170 594 V,
197 543 238 584 3.
276 542 459 584 Omittit
492 541 610 582 «hic
638 541 804 582 habuit
832 541 1043 595 quinque
1076 554 1242 582 uxores
1356 541 1632 583 babtizatus.
1658 560 1675 580 »
1708 568 1766 573 ——
1797 544 1870 584 vl.
1908 546 1994 585 Pro
2026 546 2049 585 3
2080 545 2168 590 cta

117 620 257 661 habet
277 618 324 659 id
343 617 467 673 quod
488 618 585 658 Fita
604 617 955 671 transcripsitp.
977 630 1086 658 200:
1118 618 1328 671 «prefata
1354 631 1466 660 uero
1562 619 1806 661 talionis.»
1830 646 1887 650 —-
1912 621 2006 662 Vll.
2036 622 2122 663 Pro
2154 637 2164 663 1

117 696 257 738 habet
279 696 365 736 sub
390 694 526 736 titulo
549 694 604 735 de
628 693 913 748 appollogiis
941 694 1215 748 principum
1248 708 1269 735 ε
1296 708 1581 749 magnorum
1608 700 1652 738 et
1673 709 1838 738 eorum
1865 698 2165 752 tirampnide.

119 771 256 814 ἯΙΙυς
285 776 534 814 tractatus:
575 771 725 812 «Post
757 774 1006 812 tractatum
1039 771 1095 812 de
1124 772 1372 813 ciuitatum
1405 786 1425 812 ε
1466 772 1719 826 opidorum
1758 775 1989 829 hyspanie
2021 777 2172 817 nomi-

116 850 256 891 nibus
283 849 526 890 inmutatis
560 848 771 903 sequitur
800 852 995 889 octauus
1020 851 1239 889 tractatus
1263 848 1319 889 de
1357 849 1590 903 apologiis
1616 850 1891 904 principum
1925 865 1945 891 r.
1977 865 2172 905 magno-

117 939 223 967 rum
262 926 317 967 de
365 925 538 979 quibus
575 925 786 979 loquitur
824 937 978 965 sermo
1026 924 1217 965 diuinus
1262 925 1389 979 quod
1428 929 1642 979 potentes
1687 930 1900 980 potenter
1944 931 2173 970 tormenta

115 1004 359 1058 pacientur
384 1017 404 1043 z
430 1002 652 1043 iuditium
675 1002 985 1042 durissimum
1009 1002 1101 1042 biis
1124 1002 1204 1055 qui
1230 1006 1426 1055 presunt
1450 1002 1542 1043 fiet.
1572 1003 1624 1044 Et
1647 1003 1766 1044 ratio
1792 1004 1934 1045 huius
1967 1009 2034 1046 cst
2064 1007 2173 1059 quia

117 1080 206 1134 ipsi
230 1080 310 1134 qui
336 1083 487 1121 totum
515 1079 751 1120 mundum
783 1078 1033 1119 salubriter
1062 1091 1220 1131 regere
1249 1078 1514 1120 debuerunt
1543 1082 1694 1120 totum
1724 1081 1959 1122 mundum
1988 1082 2174 1123 misera-

117 1156 274 1198 biliter
304 1156 634 1198 destruxerunt
671 1156 792 1197 sicut
827 1155 1042 1210 exempla
1081 1155 1325 1210 sequentia
1358 1156 1678 1197 manifestant.
1722 1157 1965 1211 Siquidem
2009 1158 2174 1200 lucifer

118 1234 307 1275 natione
411 1251 448 1285 n,
485 1237 539 1275 et
557 1233 709 1287 pergit
730 1246 840 1274 cum
866 1247 906 1284 2,
940 1232 1097 1274 addita
1123 1236 1229 1287 post
1262 1233 1518 1274 «similiter
1547 1237 1803 1287 operatur»
1831 1234 1918 1275 hac
1944 1236 2173 1277 sententia

121 1326 139 1348 «
162 1311 247 1352 iste
276 1311 458 1365 primus
489 1310 702 1364 proditor
730 1314 893 1351 contra
922 1310 1219 1351 uoluntatem
1250 1310 1371 1363 regis
1401 1310 1549 1363 glorie
1580 1310 1733 1351 uoluit
1765 1312 2037 1353 auctoritate
2070 1326 2174 1366 pro-

118 1388 218 1442 pria
242 1388 454 1441 optinere
479 1388 527 1428 in
557 1387 736 1441 angelis
760 1387 1098 1442 principatum.
1128 1403 1145 1425 »
1177 1412 1234 1416 —
1268 1388 1308 1428 6.
1347 1386 1533 1428 Omittit
1565 1403 1583 1425 «
1607 1400 1916 1429 romanorum
1942 1402 2094 1430 mores

118 1468 162 1505 et
192 1464 527 1517 malignissimi
561 1464 866 1518 proditores»
903 1464 984 1518 qui
1017 1463 1149 1506 locus
1179 1477 1232 1505 ex
1266 1465 1400 1505 beato
1435 1464 1671 1506 Bernardo
1704 1469 1921 1519 sumptus
1954 1470 2038 1507 est.
2074 1466 2173 1507 Non

118 1541 258 1583 habet
285 1546 375 1583 «ut
398 1542 543 1583 fertur
567 1542 872 1583 numanciam
897 1541 1169 1593 condidit»,
1202 1554 1354 1596 neque
1388 1558 1405 1579 «
1429 1540 1508 1581 alii
1531 1554 1643 1582 uero
1667 1542 1833 1583 dicunt
1946 1544 2173 1585 continuo

118 1619 387 1673 expirauit»
431 1618 590 1660 locum
627 1619 736 1659 satis
772 1618 987 1672 longum.
1038 1619 1125 1660 Pro
1172 1618 1302 1660 «fuit
1344 1622 1500 1660 autem
1544 1631 1674 1660 roma
1720 1619 1950 1660 condita»
2000 1620 2167 1662 habet:

123 1697 377 1737 «romulus
420 1697 565 1749 igitur
603 1710 623 1736 ε
665 1708 821 1736 remus
867 1709 1050 1736 romam
1094 1695 1486 1737 hedificauerunt.
1520 1711 1537 1733 η
1578 1720 1637 1725 -—-
1680 1695 1722 1736 8.
1765 1696 1852 1737 Pro
1895 1698 2174 1738 «succincte

118 1773 398 1814 tradidimus
421 1773 539 1814 illud
563 1773 684 1814 idem
704 1790 723 1810 »
750 1773 891 1813 habet
918 1788 934 1810 α
959 1773 1128 1814 tradidi
1153 1773 1243 1813 hoc
1269 1758 1504 1813 succincte
1526 1789 1566 1815 ».
1587 1797 1645 1803 —
1672 1786 1738 1813 12.
1767 1775 1883 1815 Ante
1911 1790 1926 1811 υ
1948 1775 2129 1815 oracius
2152 1791 2170 1813 »

119 1851 351 1891 insertum
376 1850 516 1891 habet
542 1866 558 1887 «
582 1850 800 1903 uirgilius
824 1849 1068 1890 brandusii
1093 1851 1294 1891 moritur
1322 1849 1400 1890 sed
1425 1862 1529 1891 ossa
1552 1850 1600 1890 in
1626 1849 1831 1904 copolim
1855 1851 1959 1905 (sic)
1982 1852 2175 1892 transfe-

120 1931 303 1968 runtur.
336 1939 461 1968 anno
490 1927 701 1968 eiusdem
725 1927 902 1968 XXXV.
929 1944 946 1965 »
972 1952 1031 1956 —
1058 1928 1125 1968 16.
1163 1927 1270 1968 Post
1296 1942 1313 1964 «
1337 1926 1565 1980 alcuynus
1589 1942 1606 1965 »
1638 1927 1780 1968 habet
1806 1944 1823 1966 «
1845 1928 1920 1969 uel
1944 1929 2129 1970 albinus
2152 1946 2169 1967 η

119 2009 178 2057 et,
214 2004 341 2059 quod
374 2004 575 2045 maxime
606 2005 868 2046 notandum
902 2008 985 2055 est,
1022 2017 1106 2059 pro
1143 2003 1263 2045 «sed
1302 2004 1393 2044 hoc
1436 2004 1635 2045 inferius
1670 2005 2045 2058 pertractabitur‚
2087 2006 2173 2047 deo

119 2082 252 2134 duce,
288 2095 397 2123 cum
427 2082 782 2136 peruenerimus
813 2082 871 2123 ad
903 2081 1171 2123 delfonsum
1205 2094 1363 2135 regem
1397 2081 1576 2122 dictum
1609 2084 1789 2122 castum
1814 2098 1831 2120 »
1872 2082 2012 2123 habet
2047 2083 2168 2124 «sed

118 2159 210 2200 hoc
249 2159 463 2213 superius
503 2158 587 2200 fuit
628 2163 804 2200 tactum
838 2160 887 2200 in
927 2164 1125 2201 tractatu
1159 2159 1214 2200 de
1253 2159 1577 2201 illustrissimo
1616 2173 1724 2214 rege
1763 2160 2007 2201 aldefonso
2050 2159 2174 2202 dicto

120 2241 264 2278 casto.
291 2253 310 2273 »
356 2238 473 2277 Ante
509 2240 641 2277 «tres
671 2241 827 2278 autem
861 2237 1088 2279 octhones
1189 2252 1207 2275 »
1243 2237 1474 2279 insertum
1507 2237 1648 2278 habet
1679 2253 1696 2275 «
1720 2227 1843 2278 circa
1872 2237 1961 2278 hoc
1992 2241 2174 2291 tempus

122 2313 208 2354 fuit
231 2314 279 2354 in
303 2313 528 2354 uasconia
553 2313 724 2355 mulier
746 2327 837 2368 que
867 2315 923 2355 ab
944 2314 1174 2355 umbilico
1199 2327 1388 2355 sursum
1412 2313 1567 2356 diuisa
1591 2314 1683 2355 duo
1706 2315 1857 2369 capita
1880 2313 2058 2355 habens
2082 2327 2176 2354 una

120 2390 382 2432 dormiente
415 2390 491 2432 uel
524 2390 800 2432 comedente
829 2391 973 2432 altera
1009 2395 1168 2446 qsique
1199 2395 1419 2432 neutrum
1450 2391 1648 2433 faciebat
1678 2392 1991 2445 uixeruntque
2026 2391 2174 2432 multo

121 2472 330 2522 tempore
353 2480 438 2508 nec
467 2481 563 2509 uno
591 2472 801 2522 tempore
829 2469 966 2510 ambe
996 2473 1180 2510 mortue
1212 2472 1338 2510 sunt.
1364 2484 1382 2506 »
1414 2494 1474 2499 —
1511 2483 1579 2509 21.
1620 2468 1857 2510 Sententia
1890 2482 2032 2523 quam
2065 2481 2173 2509 cum

121 2543 234 2586 folio
277 2545 536 2599 praecisam
580 2559 673 2586 non
716 2547 870 2599 potuit
911 2546 960 2586 in
998 2546 1212 2599 margine
1255 2545 1407 2600 legere
1450 2546 1549 2587 Fita
1587 2546 1701 2587 haec
1739 2549 1808 2587 est
1848 2546 1895 2586 in
1931 2546 1985 2586 P:
2027 2558 2173 2586 «nam

121 2622 334 2677 sequenti
357 2635 483 2663 anno
505 2635 613 2663 cum
639 2622 839 2664 frisones
864 2623 1117 2676 subiugare
1140 2623 1372 2665 uoluisset
1399 2623 1486 2664 suit
1508 2636 1533 2664 a
1563 2623 1823 2664 frisonibus
1847 2623 2174 2677 interemptus.

121 2698 237 2741 Item
275 2713 400 2741 anno
450 2699 677 2741 domini»
723 2704 810 2742 etc.
860 2726 913 2730 —
973 2715 1042 2741 22.
1091 2700 1178 2742 Pro
1232 2699 1559 2756 «proditorias
1604 2713 1953 2742 romanorum»
2005 2700 2174 2741 habet:

125 2776 451 2831 «proditorias
480 2777 748 2832 aliquarum
778 2778 1086 2820 nationum.»
1122 2802 1181 2807 —
1212 2777 1281 2818 23.
1318 2777 1427 2818 Post
1463 2777 1800 2831 «prouinciam
1832 2777 2137 2831 pertransiuit
2158 2793 2175 2814 n

121 2854 261 2896 habet
293 2870 311 2892 «
333 2858 384 2895 ut
413 2855 627 2908 superius
652 2859 721 2896 est
752 2859 1040 2909 pretractum
1063 2871 1103 2907 »,
1135 2854 1181 2895 id
1206 2858 1274 2896 est
1302 2855 1351 2895 in
1377 2854 1542 2896 eodem
1566 2854 1726 2896 codice
1751 2854 1781 2894 f⁰
1808 2855 1876 2905 25,
1904 2855 1984 2894 ubi
2009 2854 2180 2907 legitur

121 2931 284 2973 eadem
307 2931 613 2985 amplificatio
637 2945 754 2986 quae
779 2932 855 2973 hic
889 2932 1028 2973 Libro
1055 2931 1112 2973 de
1140 2931 1406 2973 Praeconiis
1435 2932 1640 2972 ciuitatis
1671 2931 1979 2972 numantinae
2008 2932 2178 2972 inserta

122 3013 192 3050 est
223 3022 308 3050 nec
339 3009 387 3049 in
419 3009 557 3050 Libro
590 3009 645 3051 de
678 3010 943 3051 Praeconiis
969 3010 1220 3064 Hispaniae
1249 3009 1444 3064 repetita
1474 3013 1567 3050 est:
1617 3008 1932 3050 «Maledictus
1967 3009 2097 3049 furor

121 3098 292 3140 corpus
315 3085 574 3127 beatissimi
599 3085 846 3128 aldefonsi.
873 3103 891 3124 η
919 3111 974 3117 --
1010 3087 1079 3128 26.
1116 3087 1216 3127 Non
1248 3085 1390 3127 habet
1422 3102 1440 3124 «
1463 3085 1548 3127 fuit
1577 3085 1706 3126 enim
1735 3085 1975 3126 rodericus
2006 3084 2175 3133 didaci.

122 3162 274 3203 dictus
299 3163 395 3203 mio
419 3162 519 3204 cide
542 3179 579 3203 n.
609 3163 716 3205 Post
752 3179 769 3202 ((
792 3164 1052 3219 campiator
1069 3164 1192 3218 cepit
1214 3179 1232 3201 n
1259 3163 1436 3205 omittit
1462 3180 1479 3202 «
1502 3167 1553 3204 ut
1576 3162 1770 3204 inferius
1795 3162 2117 3203 subscribetur
2140 3178 2175 3209 υ,

120 3238 248 3292 quod
295 3238 435 3280 habet
487 3239 539 3291 A,
594 3253 867 3294 quanquam
918 3241 1079 3282 omisit
1132 3241 1245 3283 Fita.
1299 3240 1471 3282 Contra
1522 3240 1664 3281 habet
1716 3256 1734 3278 «
1761 3244 1812 3280 ut
1855 3240 2071 3293 superius
2113 3241 2179 3278 cst

122 3320 409 3370 pretractum
430 3331 469 3367 n,
494 3316 619 3370 quod
646 3316 679 3356 A
705 3317 881 3358 omittit
907 3321 1012 3371 post
1038 3334 1055 3355 «
1079 3318 1287 3372 optinuit
1309 3317 1358 3358 in
1382 3317 1557 3358 uirtute
1581 3334 1617 3357 ».
1645 3315 1778 3368 Quod
1804 3317 2014 3370 sequitur
2033 3328 2178 3369 usque

124 3406 175 3448 27
202 3393 377 3434 omittit
401 3393 448 3433 P.
474 3419 532 3422 —
564 3407 632 3447 29.
667 3393 768 3434 Non
798 3393 938 3435 habet
970 3408 1115 3436 «curn
1139 3394 1377 3449 aliquibus
1403 3393 1759 3447 legionensibus
1781 3409 1798 3430 n
1837 3393 1915 3434 sed
1949 3396 2035 3433 «ut
2067 3392 2180 3432 dicit

123 3469 173 3511 R.
202 3469 454 3511 toletanus.
482 3487 498 3506 »
537 3470 644 3511 Post
679 3470 998 3524 «homagium
1034 3484 1131 3512 non
1163 3471 1407 3512 seruauit»
1445 3470 1587 3511 habet
1620 3469 1815 3510 «infans
1846 3470 2024 3509 santius
2056 3469 2177 3521 regis

124 3547 274 3602 garsie
297 3546 352 3587 de
376 3560 577 3588 nauarra
602 3547 689 3588 fuit
719 3546 842 3601 apud
871 3547 1035 3587 rodam
1065 3546 1447 3601 proditionaliter
1475 3546 1762 3588 interfectus.
1793 3546 2054 3587 Germanus
2078 3545 2176 3584 eius

123 3624 311 3665 sancius
343 3624 391 3664 in
426 3623 592 3678 penale
628 3624 731 3679 (sic)
766 3623 852 3665 fuit
884 3623 1081 3665 occisus.
1112 3640 1128 3661 »
1159 3624 1267 3665 Post
1294 3623 1641 3665 «multitudine
1675 3621 1962 3664 confidentes
1986 3637 2002 3658 n
2040 3620 2178 3661 habet
