2405 4009
1139 249 1262 281 vAm'A
2172 244 2220 288 63

174 354 200 383 3
222 355 274 382 50
305 345 433 384 costa
454 355 478 384 e
501 345 631 384 antes
662 341 793 384 desto
823 342 1066 397 pechaban
1090 355 1114 384 e
1136 343 1247 383 iban
1272 356 1297 384 a
1319 343 1386 384 las
1419 357 1608 397 guerras
1632 358 1656 386 a
1686 359 1762 387 sus
1790 347 2058 401 despensas‚
2084 363 2107 390 a
2131 354 2223 391 estc

175 417 335 459 Conde
358 417 462 459 Don
487 418 671 459 Sancho
697 419 833 473 quiso
857 418 940 460 dar
967 432 1134 473 yeruas
1153 419 1196 460 la
1220 418 1423 460 condcsa
1449 433 1502 461 50
1524 420 1681 464 madro
1702 436 1782 476 par
1804 423 1848 464 lo
1875 429 2022 465 matar
2047 439 2222 481 porque

172 493 261 534 ella
284 495 399 535 traia
418 508 472 535 su
496 499 614 536 trato
638 508 726 537 con
751 509 817 536 un
841 495 934 549 Rey
960 508 1093 537 moro
1116 509 1227 550 para
1257 509 1303 537 56
1326 509 1457 537 63531·
1486 510 1575 538 con
1606 498 1646 538 cl
1673 511 1695 539 6
1730 513 1819 540 vna
1851 500 2065 551 doncella
2088 503 2142 543 (16
2171 517 2222 543 su

171 584 276 612 casa
299 570 421 612 della
443 584 533 625 que
556 571 602 613 10
627 585 745 626 supo
768 572 1061 614 descubrirlo
1080 586 1104 613 a
1128 587 1189 613 vn
1214 573 1439 614 escudero
1466 573 1539 615 del
1563 574 1711 615 conde
1740 589 1829 629 que
1853 590 1928 617 cra
1959 592 2012 618 su
2036 592 2224 619 603100-

173 648 286 692 13ᾱο
305 661 327 689 6
350 647 392 689 61
420 647 645 690 escudero
668 648 827 689 dixolo
851 648 893 690 al
923 649 1072 690 conde
1102 663 1156 690 su
1189 653 1328 691 senor
1358 649 1432 691 del
1463 650 1612 691 conde
1636 651 1809 705 desque
1846 653 1918 693 fue
1945 654 2051 695 hicn
2082 656 2224 696 cicrto

172 723 301 766 desta
323 737 431 769 cosa
452 724 541 775 fico
567 737 654 778 por
677 725 833 766 suerca
857 725 999 767 heuer
1022 739 1044 766 a
1066 739 1119 767 su
1144 726 1304 768 madre
1328 726 1373 767 lo
1397 740 1486 781 que
1510 726 1595 768 ella
1629 727 1669 768 le
1694 729 1853 782 queria
1878 730 1960 769 dar
1985 744 2007 770 a
2032 731 2070 771 61
2096 745 2117 772 6
2138 732 2225 772 6113

174 801 328 844 murio
351 800 491 855 luego
515 815 538 843 6
561 801 602 842 61
631 802 781 843 conde
805 802 894 853 fico
925 802 1049 844 sacer
1073 803 1113 844 61
1146 804 1433 845 monasterio
1464 803 1519 845 de
1550 804 1649 846 Ossa
1679 817 1701 845 6
1734 804 1812 845 3111
1844 805 1887 846 13
1919 811 2101 847 6016110
2133 822 2154 849 6
2184 808 2224 849 31

171 877 394 921 escudero
428 891 451 920 6
488 892 513 920 3
553 879 597 920 13
626 878 842 920 (10066113
886 879 1062 921 6350165
1098 893 1155 920 60
1190 893 1283 921 vno
1317 893 1340 922 e
1383 880 1538 921 destos
1572 881 1741 922 vienen
1780 882 1848 922 los
1883 888 2119 925 monteros
2153 885 2225 926 (161

174 954 372 1014 Spinosa
399 969 489 1010 que
528 969 614 1010 por
651 960 747 997 esta
779 955 949 997 lealtad
983 970 1072 1011 que
1096 957 1289 1007 11ςί6100
1322 970 1381 998 30
1409 957 1450 998 61
1481 958 1730 1011 privilegio
1755 972 1844 1013 que
1869 973 1925 1000 an
1951 974 1973 1000 6
2001 960 2224 1001 (10611060

171 1045 333 1087 366163
355 1032 410 1073 (16
433 1032 477 1074 13
500 1046 685 1074 camara
709 1032 783 1074 del
805 1033 955 1087 Rey...
979 1049 996 1072 η
1026 1031 1159 1091 (Vide
1189 1032 1431 1075 «Bulletin
1456 1034 1739 1090 hispanique
1756 1051 1795 1086 ›>,
1824 1039 1854 1077 t.
1883 1036 2002 1088 XIII,
2030 1051 2074 1091 p.
2105 1038 2226 1092 425.)

262 1108 344 1151 1116
372 1108 621 1163 Catalogus
645 1110 721 1151 uel
745 1110 968 1164 Epilogus
992 1110 1164 1165 aliquis
1189 1124 1286 1152 esse
1312 1112 1539 1153 articulus
1564 1112 1683 1152 mihi
1713 1112 1903 1154 uidetur
1924 1126 2021 1155 6556
2044 1127 2065 1155 6
2091 1114 2227 1156 Libro

174 1185 230 1227 (16
255 1186 421 1228 mundi
448 1187 678 1228 aetatibus
702 1192 951 1239 extractus,
978 1187 1034 1229 de
1059 1201 1153 1243 quo
1180 1188 1289 1229 uide
1313 1202 1454 1242 supra
1478 1203 1556 1243 pp.
1585 1189 1732 1230 58761.

262 1263 315 1304 In
348 1263 487 1305 Libro
520 1264 688 1306 Mariae
718 1264 773 1305 (16
806 1277 901 1319 quo
930 1265 1111 1320 aliquid
1141 1265 1322 1307 dicetur
1350 1265 1474 1306 infra
1506 1266 1791 1320 quibusdam
1821 1266 2070 1308 Chronicis
2097 1268 2227 1308 Sum-

176 1354 364 1383 morum
394 1342 678 1383 Pontificum
708 1341 915 1383 alludere
945 1342 1206 1384 Iohannem
1236 1342 1351 1384 dicit
1378 1342 1477 1384 Fita
1504 1343 1621 1397 (Bol.
1653 1343 1709 1384 de
1742 1343 1784 1384 13
1815 1344 1865 1385 R.
1900 1344 2060 1395 Acad.,
2094 1348 2123 1385 t.
2151 1345 2225 1396 VI,

173 1432 219 1473 p.
261 1418 362 1474 409,
408 1422 521 1460 nota
555 1418 614 1473 2).
657 1419 688 1460 E
727 1419 899 1474 quibus
949 1419 1116 1461 saltem
1154 1419 1337 1474 aliquot
1375 1419 1503 1461 locos
1547 1421 1595 1461 in
1641 1421 1833 1462 Librum
1875 1421 1930 1461 de
1965 1422 2228 1463 Praeconiis

176 1495 427 1549 Hispaniae
450 1494 668 1549 (tractatu
693 1495 815 1549 VIII)
838 1496 951 1538 etin
976 1496 1170 1537 Librum
1196 1496 1252 1537 de
1275 1497 1430 1538 Praec.
1459 1497 1551 1538 610.
1578 1498 1886 1540 numantinae
1905 1498 2022 1553 (VII)
2046 1499 2232 1540 uidetur

175 1573 274 1627 ipse
297 1573 498 1627 scriptor
523 1573 830 1615 transtulisse.
854 1574 914 1615 Ea
936 1587 1049 1615 uero
1074 1573 1311 1615 Chronica
1334 1578 1487 1628 partes
1507 1575 1723 1616 existimo
1736 1588 1834 1617 esse
1850 1575 1977 1618 Libri
1994 1576 2048 1618 de
2068 1575 2232 1617 mundi

175 1650 420 1701 aetatibus,
447 1664 721 1705 quanquam
745 1650 792 1692 id
816 1652 1110 1704 argumentis
1135 1651 1440 1693 manifestum
1466 1652 1613 1694 facere
1639 1665 1836 1707 nequeo.

221 1727 224 1730 ’
265 1727 458 1768 Librum
483 1727 547 1769 De
570 1729 782 1782 corporis
808 1728 850 1769 S.
878 1727 1100 1770 lldefonsi
1125 1728 1408 1770 revelatione
1433 1730 1481 1769 in
1506 1729 1711 1771 Ecclesia
1732 1730 1998 1771 Zamorensi
2025 1744 2046 1770 a
2072 1735 2232 1771 nostro

178 1805 407 1860 scriptum
430 1818 527 1846 non
560 1806 751 1847 nouisse
782 1806 972 1847 uidetur
995 1805 1212 1847 Nicolaus
1237 1807 1446 1848 Antonio
1478 1806 1616 1861 (Bibl.
1653 1807 1777 1861 hisp.
1805 1811 1896 1848 uet.
1932 1807 1961 1848 l.
1991 1807 2065 1859 IX,
2097 1815 2145 1848 n⁰
2165 1812 2233 1861 20)

178 1881 257 1924 sed
280 1882 398 1924 duos
422 1883 674 1937 scriptores
693 1896 801 1924 eum
825 1882 1069 1924 laudantes
1091 1883 1202 1924 citat
1225 1897 1232 1923 :
1265 1900 1282 1921 υ.
1303 1883 1448 1924 Cuius
1473 1884 1628 1938 operis
1652 1883 1828 1924 librum
1852 1885 2035 1938 primus
2059 1885 2231 1925 alicubi

177 1958 336 2002 laudat
371 1959 425 2001 D.
463 1959 668 2001 Thomas
700 1959 918 2000 Tamaius
950 1959 1006 2000 de
1048 1959 1239 2013 Vargas,
1280 1959 1646 2015 recordaturque
1687 1960 1950 2014 Stephanus
1988 1960 2233 2002 Garihaius

177 2036 261 2078 lib.
309 2051 375 2089 12,
411 2050 513 2092 cap.
564 2051 601 2089 1,
643 2037 693 2077 in
731 2037 883 2078 fine.»
926 2036 1075 2088 Quem
1113 2037 1264 2078 edidit
1299 2036 1471 2078 Fidelis
1514 2037 1613 2078 Fita
1649 2038 1699 2078 in
1727 2037 1944 2079 «Boletin
1968 2038 2023 2079 de
2052 2037 2094 2078 la
2127 2038 2234 2079 Real

178 2114 432 2157 Academia
470 2114 525 2155 de
565 2114 606 2154 la
645 2114 906 2165 Historia»,
945 2127 1071 2155 anno
1105 2113 1507 2155 MDCCCLXXXV
1552 2114 1617 2169 (p.
1665 2115 1831 2171 6071),
1879 2119 2136 2156 extractum
2182 2129 2234 2157 ex

178 2192 376 2234 articulo
408 2193 489 2247 qui
526 2192 785 2246 inscriptus
817 2191 1151 2246 Aldephonsus
1182 2191 1431 2246 multiplex
1456 2193 1505 2232 in
1536 2192 1697 2234 codice
1721 2191 1858 2248 I—217
1889 2191 2046 2247 (nohis
2071 2189 2183 2248 Md),
2210 2207 2233 2233 a

178 2269 292 2312 folio
312 2270 386 2311 26¹¹
398 2269 456 2311 ad
474 2270 560 2322 321‘,
577 2282 687 2323 ergo
704 2269 754 2309 in
774 2269 913 2311 Libro
932 2268 1193 2311 illustrium
1211 2282 1540 2324 personarum,
1556 2270 1787 2324 reperitur
1801 2269 1928 2321 (uide
1946 2284 1990 2324 p.
2010 2270 2065 2316 40
2081 2274 2121 2311 et
2142 2270 2231 2324 43).

268 2424 334 2466 De
365 2423 505 2465 Libro
542 2427 699 2465 autem
737 2422 841 2466 Iesu
880 2427 924 2465 et
961 2422 1101 2465 Libro
1142 2423 1313 2465 Mariae
1358 2428 1402 2466 et
1440 2424 1579 2466 Libro
1618 2424 1674 2466 de
1719 2423 1961 2466 miraculis
1999 2423 2235 2465 almifluae

182 2500 391 2556 Virginis
429 2501 613 2552 Mariae,
654 2501 765 2543 uide
798 2514 849 2542 63
888 2514 1008 2556 quae
1045 2500 1195 2542 edidit
1233 2501 1331 2542 Fita
1374 2502 1422 2542 in
1460 2501 1678 2544 «Boletin
1720 2501 1836 2543 dela
1863 2501 2161 2543 R..xea1c1.de
2193 2501 2235 2541 13

180 2580 440 2631 Historia»,
476 2583 507 2620 t.
544 2577 620 2630 VI,
655 2592 700 2633 p.
738 2579 950 2634 379-409,
985 2576 1202 2633 408-4293
1245 2582 1276 2620 t.
1305 2577 1404 2630 VII,
1435 2592 1481 2633 p.
1518 2579 1705 2630 54-14l13
1734 2583 1763 2619 t.
1801 2577 1919 2629 XIII,
1945 2592 1987 2632 p.
2027 2579 2231 2634 187-225.

180 2657 410 2713 Equidem
459 2656 653 2698 Librum
697 2656 752 2697 de
800 2655 1043 2697 miraculis
1087 2655 1327 2697 almifluae
1368 2656 1579 2710 Virginis
1627 2656 1812 2707 Mariae,
1856 2670 1996 2711 quem
2041 2656 2233 2710 reperiri

180 2734 436 2790 aliquando
459 2737 589 2789 optat
611 2734 727 2785 Fita,
755 2746 852 2775 non
877 2733 1024 2774 alium
1058 2746 1157 2774 esse
1188 2737 1302 2788 puto
1333 2747 1476 2788 quam
1506 2737 1755 2776 tractatum
1785 2738 1967 2775 sextum
1997 2733 2236 2774 decimum

181 2812 307 2854 Libri
341 2812 526 2863 Mariae,
568 2811 646 2865 qui
681 2811 938 2865 inscriptus
976 2814 1044 2852 est
1076 2810 1141 2852 De
1181 2810 1442 2852 multorum
1481 2810 1821 2852 miraculorum
1860 2824 1940 2866 per
1977 2810 2236 2851 almifluam

179 2890 420 2944 uirginem
452 2889 764 2943 patrationem
801 2885 911 2944 (516)
951 2901 1031 2929 560
1064 2888 1420 2942 conparatione,
1462 2889 1512 2929 in
1550 2901 1629 2930 sex
1659 2892 1879 2930 tractatus
1920 2889 2015 2942 ipse
2055 2888 2235 2929 diuisus

179 2967 250 3021 (in
279 2966 450 3009 codice
488 2965 607 3007 Bibl.
647 2969 740 3006 nat.
785 2965 1074 3007 matritensis
1116 2965 1196 3006 Bb.
1239 2965 1336 3017 150,
1377 2965 1458 3007 fol.
1502 2966 1766 3020 [Qu-165⁸),
1801 2969 1845 3006 et
1881 2978 1936 3006 ex
1976 2978 2028 3005 60
2067 2964 2236 3005 mullas

185 3058 204 3081 «
224 3042 498 3097 Leyendas»
531 3043 836 3097 transcriptas
868 3043 967 3096 ipse
1001 3042 1100 3083 Fita
1129 3041 1292 3083 edidit.
1330 3042 1465 3084 Liber
1497 3047 1653 3084 autem
1682 3041 1786 3084 Iesu
1809 3046 1852 3083 et
1882 3042 2049 3082 Mariae
2080 3042 2235 3081 nescio

182 3133 242 3162 an
274 3120 334 3160 sit
380 3118 506 3161 idem
550 3110 695 3161 codex
735 3120 790 3161 de
836 3132 931 3173 quo
963 3120 1257 3160 mentionem
1292 3120 1386 3160 iam
1422 3119 1518 3160 dixi
1556 3117 1621 3176 (p.
1669 3120 1738 3173 15)
1772 3119 1919 3160 facere
1960 3118 2235 3171 (jatalogum

182 3197 382 3250 Collegii
417 3196 574 3238 Sancti
612 3195 958 3238 Bartholomaei
1000 3195 1405 3250 Salmanticensis,
1447 3210 1718 3251 quanquam
1752 3196 1789 3236 is
1821 3195 2094 3250 quindecim
2129 3195 2235 3235 solia

183 3274 324 3316 habet
351 3273 556 3328 amplius
585 3286 728 3328 quam
759 3273 1064 3324 matritensis,
1097 3276 1219 3315 certe
1249 3272 1463 3314 mutilus.

191 3470 193 3473 Α
260 3409 296 3467 ν((
321 3428 449 3470 Unos
488 3426 669 3468 indices
712 3425 739 3467 ὸ
784 3425 993 3467 ν611)3165
1032 3425 1089 3467 (16
1127 3425 1326 3468 historia
1365 3439 1451 3480 por
1488 3425 1555 3466 las
1596 3426 1732 3468 lctras
1767 3426 1839 3468 dcl
1878 3440 1902 3468 a
1940 3427 1967 3466 h
2007 3440 2029 3466 c
2068 3438 2156 3480 que
2191 3439 2236 3467 se

186 3519 447 3548 conservari
476 3517 535 3546 en
573 3504 618 3546 S.
654 3503 905 3545 Francisco
942 3502 998 3544 de
1030 3503 1223 3544 Zamora
1246 3518 1262 3540 »
1306 3516 1424 3557 quos
1454 3517 1478 3543 a
1511 3503 1690 3545 'l'homa
1723 3503 1927 3556 Tamayo
1971 3502 2025 3543 de
2066 3502 2237 3556 Yargas

186 3583 386 3625 Iohanni
412 3581 659 3624 attributos
684 3593 826 3634 supra
849 3581 915 3634 (p.
948 3580 1017 3635 13)
1047 3580 1277 3631 uidimus,
1308 3592 1405 3621 non
1434 3578 1552 3621 alios
1584 3592 1683 3621 esse
1711 3584 1849 3634 atque
1880 3579 2139 3620 Archiuum
2162 3579 2238 3621 uel

185 3661 343 3716 potius
367 3659 561 3703 Librum
585 3656 845 3699 illustrium
863 3669 1194 3711 personarum,
1210 3660 1373 3698 contra
1396 3669 1539 3712 quam
1559 3656 1761 3698 coniecit
1779 3655 1993 3697 Nicolaus
2012 3656 2235 3708 Antonio,

2139 3744 2156 3771 ο
