2405 4009
705 225 915 252 EXCERPTA
948 225 970 251 E
1000 225 1119 251 mum)
1150 223 1391 251 11.1„VS'1'1uvx1
1424 223 1572 249 DERSON
1586 224 1688 250 mvn
2177 215 2219 251 (31

173 315 506 371 Aldephonsus
544 315 763 358 Decimus
801 315 930 370 (uide
962 329 1006 369 p.
1042 315 1114 368 43)
1154 314 1279 354 filius
1311 312 1498 354 comitis
1533 312 1722 354 Ilenrici
1753 316 1796 353 et
1828 312 2073 354 Therasiae
2106 313 2227 354 filiae

173 393 296 447 regis
319 392 667 447 Aldephonsi...
692 408 709 431 »
738 392 836 447 (fol.
867 392 1053 446 15⁸ss-1-17
1080 392 1253 443 uerso).

261 470 314 511 In
337 473 546 510 extremo
569 473 725 510 autem
749 472 917 522 quarto
942 470 1139 508 tractatu
1170 465 1295 506 Libri
1318 465 1373 506 de
1397 464 1662 505 Praeconiis
1689 464 1953 518 Hispaniae,
1981 469 2228 519 postquam

175 546 398 588 historiae
433 559 599 599 regum
636 558 785 600 usque
823 545 879 585 ad
920 544 1151 594 Fruelam,
1179 541 1393 584 Roderici
1427 540 1535 581 Diaz
1565 544 1608 582 et
1638 540 1758 592 regis
1796 541 1987 594 llyssem
2020 548 2229 583 narratae

175 627 301 674 sunt,
322 623 416 664 iam
438 623 649 664 uidimus
673 622 730 662 ad
755 621 947 662 Librum
972 620 1027 661 dc
1050 619 1211 660 Mundi
1239 618 1466 660 aetatibus
1486 617 1602 658 etde
1629 617 1748 657 liris
1772 616 2034 657 illustribus
2057 618 2230 658 remitti

174 687 398 742 lectorem
441 698 542 754 (fol.
585 699 637 745 44
680 711 816 740 uerso
859 697 1035 739 codicis
1075 697 1122 746 P;
1167 695 1276 736 uide
1319 708 1476 749 supra,
1521 708 1564 748 p.
1611 695 1683 747 59)
1728 710 1744 731 (ι
1768 693 1823 733 de
1867 693 1969 734 aliis
2015 693 2231 747 Legionis

175 780 219 818 et
241 775 438 818 Castelle
460 775 693 829 Aragonie
712 780 755 816 et
778 775 977 815 Navarre
997 787 1048 815 ac
1071 771 1338 824 Portugalie
1357 771 1582 825 hyspanis
1603 770 1955 824 principibus...
1977 786 1993 807 »
2022 770 2071 810 In
2095 770 2230 811 Libro

174 853 366 908 quidem
390 852 647 893 illustrium
671 865 981 906 personarum
1006 854 1138 892 erant
1163 849 1388 890 historiae
1412 861 1578 901 regum
1603 847 1812 888 illorum.
1843 847 1956 888 Nam
1987 847 2072 888 sub
2097 847 2231 888 titulo

175 930 358 972 Garsias
382 929 631 984 multiplex
654 929 702 971 in
731 929 882 970 littera
907 928 943 969 G
967 940 1154 969 necesse
1178 931 1245 968 est
1274 925 1536 967 exstiterint
1560 937 1724 978 regum
1750 924 2064 965 Xauarrorum
2089 924 2229 975 uitae,

175 1020 284 1048 cum
321 1020 446 1048 unus
482 1007 709 1049 Castellae
747 1019 825 1047 rex
864 1005 985 1046 illud
1026 1017 1201 1046 nomen
1242 1002 1474 1044 habuerit.
1513 1002 1756 1056 Separatae
1790 1005 1946 1042 autem
1980 1002 2028 1042 in
2068 1001 2233 1042 eodem

174 1084 296 1126 libro
313 1084 422 1126 etin
441 1084 652 1138 singulas
676 1084 853 1124 litteras
876 1081 1048 1137 quibus
1073 1081 1366 1136 incipiebant
1385 1079 1579 1121 nomina
1604 1092 1769 1132 regum
1793 1078 2066 1119 distributae
2085 1082 2231 1120 erant.

177 1161 230 1203 In
248 1161 386 1203 Libro
398 1161 454 1203 de
471 1161 634 1203 Mundi
651 1160 878 1202 aetatibus
898 1159 1121 1200 historiae
1141 1171 1305 1212 regum
1329 1156 1606 1210 Aragoniae,
1631 1156 1859 1197 Nauarrae
1878 1159 1921 1196 et
1940 1154 2235 1209 portugaliae

176 1242 228 1281 ut
261 1239 310 1280 in
341 1233 617 1294 apographo
648 1238 723 1278 Mb
754 1251 863 1279 cum
897 1236 1045 1278 titulis
1079 1235 1336 1277 enuntiatis
1370 1233 1512 1274 fuisse
1544 1233 1829 1288 compositas
1858 1232 2118 1273 uerisimile
2150 1236 2232 1273 est.

266 1314 319 1356 In
351 1315 516 1357 eodem
546 1314 707 1356 codice
737 1314 812 1355 Mb
852 1317 957 1355 ante
992 1326 1045 1354 ea
1080 1324 1198 1368 quae
1230 1324 1370 1365 supra
1399 1314 1659 1352 memorata
1695 1313 1804 1351 sunt
1839 1309 2060 1363 leguntur
2088 1308 2236 1350 multa

177 1392 383 1447 capitula
418 1392 591 1447 quibus
629 1391 806 1432 librum
846 1393 1113 1445 separatum
1156 1388 1349 1430 formari
1389 1387 1578 1429 dixeris.
1627 1387 1855 1428 Omnium
1898 1374 2027 1428 enim
2070 1399 2234 1440 regum

178 1469 492 1524 hispanorum
536 1467 657 1510 uitas
702 1467 991 1509 continuatis
1035 1465 1328 1520 temporibus
1368 1477 1521 1519 neque
1559 1464 1652 1505 iam
1692 1464 1749 1505 ad
1788 1463 1991 1505 litteram
2035 1463 2235 1517 digestas

177 1547 526 1602 complectitur.
548 1545 872 1600 Praepositum
892 1548 958 1586 est
976 1543 1239 1598 capitulum
1260 1558 1278 1582 «
1300 1542 1356 1583 de
1375 1542 1558 1595 origine
1577 1544 1621 1582 et
1641 1541 1754 1582 actis
1781 1539 2044 1582 Gothorum
2068 1556 2084 1577 n
2108 1539 2234 1594 quod

178 1624 301 1666 nihil
325 1623 454 1665 aliud
482 1627 550 1665 est
581 1636 725 1678 quam
749 1622 877 1663 Libri
910 1621 1171 1662 illustrium
1203 1632 1513 1674 personarum
1547 1617 1772 1660 articulus
1809 1618 1979 1672 «gothi
2012 1621 2233 1670 gentes»,

178 1702 259 1757 qui
283 1702 332 1742 in
356 1701 461 1742 Mda
481 1701 561 1742 fol.
598 1700 674 1756 147
701 1712 838 1741 uerso
867 1699 923 1740 ad
952 1698 1030 1741 iol.
1070 1698 1149 1745 154
1173 1710 1365 1739 uersum
1399 1696 1586 1749 legitur.
1623 1696 1740 1737 Ante
1774 1694 2064 1748 Ataulphum
2096 1694 2235 1735 etiam

178 1779 461 1834 transcripta
490 1782 599 1820 sunt
628 1778 758 1819 Vitae
789 1775 1062 1817 Athanarici
1092 1779 1136 1816 et
1165 1772 1353 1825 Alarici,
1395 1786 1514 1828 quae
1543 1774 1591 1814 in
1622 1771 1787 1814 codem
1816 1772 1975 1813 codice
1999 1785 2023 1812 a
2045 1771 2156 1812 folio
2181 1771 2235 1826 96

180 1856 237 1898 ad
260 1870 314 1912 99
336 1868 575 1907 auersum,
603 1859 646 1897 et
670 1854 783 1896 folio
810 1854 862 1895 23
888 1866 1053 1895 auerso
1077 1866 1129 1894 ac
1155 1851 1206 1897 24
1231 1851 1471 1905 leguntur.

269 1933 373 1975 Vita
394 1937 552 1975 autem
574 1931 847 1973 Athanarici
874 1932 938 1972 sic
967 1930 1135 1984 incipit
1160 1942 1167 1971 :
1207 1946 1224 1967 «
1254 1928 1582 1970 Athanaricus.
1610 1927 1673 1968 Ex
1696 1926 1779 1968 lib.
1808 1927 1842 1967 A
1868 1926 2010 1967 verbo
2036 1926 2238 1966 Athana-

179 2011 364 2053 ricus».
412 2010 595 2052 Etenim
633 2023 656 2051 e
689 2009 827 2051 Libro
868 2007 1127 2049 illustrium
1162 2018 1470 2061 personarum
1506 2005 1667 2046 omnia
1700 2003 1780 2045 illa
1816 2002 2019 2057 capitula
2053 2006 2239 2056 sumpta

181 2092 305 2140 sunt,
337 2088 401 2129 ita
432 2092 590 2130 tamen
620 2091 671 2129 ut
700 2086 904 2142 capitula
935 2086 990 2127 de
1023 2085 1332 2136 Theodorico,
1357 2083 1541 2134 Eurico,
1568 2082 1770 2133 Alarico,
1797 2080 2087 2134 Leouigildo,
2124 2080 2242 2121 Sise-

181 2166 311 2217 huto,
340 2165 616 2217 Sisenando,
643 2178 788 2206 manu
811 2177 906 2205 una
924 2167 1125 2214 exarata,
1146 2175 1265 2217 quae
1284 2161 1341 2202 ab
1360 2174 1411 2202 ea
1430 2173 1548 2215 quae
1568 2163 1718 2202 cetera
1739 2159 1926 2213 scripsit
1948 2158 2133 2199 diuersa
2155 2160 2237 2209 est,

181 2256 237 2286 ex
267 2242 466 2284 articulo
497 2242 693 2296 Hispani
726 2245 931 2284 extracta
961 2244 1085 2282 sunt.
1120 2240 1234 2280 Nam
1266 2237 1385 2280 sicut
1414 2238 1539 2279 idem
1570 2241 1720 2279 textus
1752 2240 1836 2288 est,
1872 2236 1935 2277 ita
1966 2235 2047 2276 ubi
2086 2235 2134 2275 in
2166 2234 2241 2275 Md

182 2324 341 2362 notata
373 2323 483 2361 sunt
519 2323 695 2374 puncta
720 2333 810 2372 2:21,
837 2318 1009 2373 quibus
1047 2330 1301 2359 monemur
1332 2329 1430 2357 non
1467 2316 1516 2356 in
1560 2314 1816 2368 archetypo
1860 2312 1951 2367 legi
1993 2325 2146 2367 posse,
2192 2312 2241 2352 in

183 2397 458 2453 apographo
490 2396 566 2438 Mb
599 2397 805 2438 dicitur:
854 2414 871 2436 «
901 2400 1050 2438 cetera
1083 2408 1181 2436 non
1221 2393 1314 2447 legi
1352 2396 1550 2448 possunt
1580 2409 1596 2430 ι)
1641 2391 1718 2433 uel
1754 2390 1935 2445 aliquid
1970 2389 2139 2430 simile.
2177 2387 2243 2429 Ita

182 2475 444 2517 declaratur
493 2475 691 2516 deficere
735 2475 1018 2525 Gesalaicus,
1060 2471 1371 2525 Amalaricus,
1416 2469 1674 2521 Theudius,
1724 2467 2046 2518 Theodisclus,
2092 2465 2241 2519 Agila,

184 2551 544 2607 Athanagildus,
581 2551 744 2604 Liuba,
771 2552 915 2593 Liuva
937 2551 994 2602 II,
1022 2549 1293 2600 witericus,
1327 2547 1673 2598 Gundemarus,
1718 2545 1959 2586 Sisebutus
1991 2547 2034 2585 et
2071 2542 2245 2584 Recha-

185 2629 324 2672 redus
347 2630 473 2670 filius
493 2643 500 2670 :
528 2642 646 2684 quos
669 2634 791 2671 certe
815 2629 861 2670 in
888 2629 1054 2671 eodem
1079 2624 1279 2668 articulo
1307 2640 1327 2666 (t
1346 2625 1542 2679 Hispani
1564 2638 1584 2665 )>
1610 2623 1757 2665 codex
1779 2622 1855 2663 Md
1878 2635 1975 2662 non
1999 2620 2152 2662 habet.

275 2707 362 2749 Illo
389 2707 665 2762 apographo
689 2706 765 2747 Mb
796 2719 893 2747 non
923 2707 1301 2760 repraesentatur
1330 2702 1558 2744 Iohannis
1581 2714 1700 2756 opus
1726 2699 1917 2754 aliquod
1949 2698 2004 2739 ab
2029 2698 2102 2751 iis,
2129 2709 2246 2750 quae

185 2785 280 2827 iam
311 2784 552 2839 nouimus,
587 2784 847 2826 diuersum.
884 2783 1101 2838 Capitula
1133 2796 1251 2837 quae
1284 2795 1337 2824 ex
1367 2779 1565 2823 articulo
1594 2777 1856 2833 «Hispani»
1885 2779 2087 2818 extracta
2119 2778 2242 2821 sunt,

187 2875 241 2904 ex
263 2863 367 2917 ipso
390 2862 644 2916 archetypo
666 2861 948 2917 transcripta
966 2873 1065 2919 esse
1089 2864 1218 2915 puto.
1242 2860 1356 2901 Nam
1379 2858 1417 2899 si
1435 2856 1516 2899 illa
1539 2857 1596 2898 ab
1621 2854 1954 2897 ordonieziano
1973 2851 2245 2907 apographo

187 2940 476 2991 extraxisset,
515 2952 613 2981 non
645 2939 821 2981 diceret
854 2939 892 2980 is
926 2938 1007 2993 qui
1040 2951 1092 2979 ea
1124 2935 1452 2990 transcripsit:
1493 2951 1509 2973 α
1532 2937 1683 2975 cetera
1722 2944 1819 2973 non
1858 2930 1951 2985 legi
1990 2932 2243 2984 possunt»,

192 3032 210 3056 «
232 3016 525 3071 principium
554 3017 647 3070 legi
680 3029 777 3058 non
808 3019 960 3071 potest
987 3027 1137 3070 usque
1160 3014 1274 3056 ad...
1300 3027 1344 3065 »3
1373 3012 1452 3055 sed
1475 3015 1527 3052 ut
1556 3009 1708 3052 scriba
1731 3008 2008 3050 ssorezianus
2034 3006 2167 3059 signa
2193 3018 2242 3044 :::

187 3077 505 3136 transtulisset
540 3107 660 3149 quae
701 3093 925 3135 lectorem
964 3105 1010 3134 se
1048 3090 1259 3133 Ordofiez
1300 3093 1461 3132 monet
1499 3087 1626 3142 (uide
1665 3099 1806 3141 supra
1845 3099 1890 3140 p.
1926 3084 1996 3139 (³5)
2040 3082 2245 3125 articulis

189 3184 213 3213 e
236 3174 366 3213 tomo
393 3171 529 3213 tertio
559 3170 760 3224 sumptis
786 3169 1058 3220 inseruisse,
1079 3167 1161 3208 ubi
1189 3167 1341 3220 legere
1371 3164 1643 3220 prohiberet
1672 3162 1948 3204 membrana
1972 3159 2243 3214 putrefacta.

190 3247 343 3289 Immo
378 3248 608 3303 quoniam
645 3246 814 3289 folium
853 3247 1011 3288 deesse
1043 3245 1093 3286 in
1131 3242 1426 3298 autographo
1465 3242 1536 3282 bis
1570 3239 1775 3282 declarat
1812 3238 1891 3280 ille
1927 3235 2244 3284 amanuensis,

190 3325 404 3367 dubitare
426 3338 523 3366 non
547 3324 655 3366 licet
678 3324 794 3378 quin
818 3321 1171 3376 autographum
1195 3321 1354 3375 ipsum
1378 3329 1699 3359 zamorensem
1726 3314 1914 3356 uiderit.

280 3402 497 3456 Capitula
525 3414 638 3443 uero
662 3404 812 3442 cetera
836 3412 891 3441 ex
916 3398 1256 3440 vordonieziano
1278 3394 1553 3451 apographo
1583 3396 1770 3447 sumpta
1801 3403 1900 3433 esse
1923 3390 2249 3432 demonstrant

193 3479 311 3521 duae
337 3482 491 3531 notae,
517 3491 635 3534 quae
664 3481 771 3532 post
792 3475 996 3532 capitula
1020 3475 1075 3517 de
1100 3472 1368 3516 Recharedo
1395 3476 1439 3513 et
1467 3471 1521 3512 de
1554 3468 1797 3523 Roderico,
1825 3466 2012 3509 eaedem
2036 3466 2083 3506 in
2108 3464 2182 3505 Mb
2204 3467 2249 3505 et

192 3555 243 3596 in
280 3555 356 3597 Md
395 3554 634 3608 leguntur.
671 3554 792 3595 Haec
826 3557 894 3595 est
925 3552 1085 3607 prior:
1133 3550 1394 3604 «Sequitur
1431 3546 1627 3588 historia
1668 3545 1866 3598 Remigii
1905 3540 2247 3595 archiepiscopi

195 3632 435 3674 Remensis
458 3645 602 3687 quam
620 3631 884 3674 omitimuS.
909 3642 930 3671 2)
956 3628 1111 3671 Altera
1133 3630 1290 3669 autem
1313 3640 1320 3666 :
1352 3642 1369 3664 «
1393 3625 1471 3666 hic
1490 3623 1756 3678 reliquntur
1779 3620 1978 3662 Ilistorie
2003 3621 2247 3673 sequentes
